880 1440
130 95 831 169 passend erachten den Bundesrath zu Vor-
36 155 828 210 stellungen oder wenn diese nichts fruchten
67 196 859 255 zu Gegenretorsionen zu veranlassen. Hünde
57 246 867 299 sind wir Zürcher doch keine & wenn es unsern
68 289 776 343 Handwerkern nicht mehr erlaubt ist in
76 332 844 388 Deutschland ihr Brod zu verdienen, warum
74 377 856 434 sollen wir dann den deutschen Gesellen ge-
58 425 777 482 statten unser Schweizer Brod zu fressen.
163 474 867 528 Ihre Ansichten hierüber zu vernehmen
77 521 865 569 würde mir sehr erwünscht seyn & je nachdem
70 562 813 614 solche lauten würde ich mich veranlaßt
76 612 858 658 finden, das in Rede stehende Ausweisungs-
87 652 845 705 decret zum Gegenstand eines Berichts an
83 701 669 751 den Bundesrath zu machen.
148 740 842 799 Ihr Vetter Keller der sich sehr für die
82 797 867 838 eidgenössische Universität zu interessiren
71 826 853 883 schien & dem ich Ihren Bericht mittheilte
90 872 766 926 behauptet derselbe enthielte einige
80 912 834 970 wesentliche organische Fehler. Das ganz
84 961 819 1017 unrichtige & Geld fressende Verhältniß
82 1000 862 1063 zwischen den ordentlichen & außerordentlichen
92 1049 839 1107 Professoren z. B. jene wären zu schlecht
87 1090 852 1152 diese zu gut gestellt. Letztere dürften
86 1141 837 1194 bey einer großen Universität nicht in der
79 1182 867 1239 Facultät sitzen sondern wären als er...ter-
90 1227 865 1284 te privat docenten zu behandeln, sondern
50 1267 844 1332 & als Candidaten für alle Universitäten,
92 1317 824 1373 also nicht durchschnittliche Besoldung von
