1125 1440
236 155 1044 237 in den zufällig noch nicht abgegangenen Ein-
230 228 1078 296 ladungen statt des Samstag den Freitag (7. Aug. )
242 288 1067 348 für den Zusammentritt der Conferenz zu bestimmen,
262 340 1048 402 da meine Herrn Collegen damit gerne einver-
240 390 1029 456 standen waren. Wir haben in Folge deßen
246 447 1043 507 noch freie Wahl, die Frage schließlich so oder
250 496 1092 561 anders zu lösen & wird nun auch die Conferenz
248 556 1045 616 in ihren Verhandlungen weniger beengt sein.
248 604 1104 673 Ursprünglich waltete hier allerdings der Gedanke,
266 663 1093 724 daß die bevorstehende Conferenz wie die frühern
261 723 1056 774 ihre Geschäfte in einem Tage erledigen werde.
258 771 1039 831 Ich sehe aber ein, daß es unter Umständen
251 824 1014 884 doch sehr wünschenswerth sein könnte, zwei
255 876 1033 937 Sitzungen zu halten & daß diese an demselben
262 932 880 993 Tage nicht wohl möglich wären. –
303 993 1054 1055 Die Kantone der Centralschweiz werden, wie
266 1052 1072 1106 ich glaube, ohne Anstand sich bei der Conferenz
267 1105 1046 1157 betheiligen. Ich habe übrigens kürzlich Hrn.
273 1157 1058 1212 Bundesrath Knüsel geschrieben, daß, wenn etwa
266 1202 1049 1266 bei einten oder andern Stand in dieser Beziehung
