1135 1440
132 36 1126 98 treiben, und da ich mich dem reifern Alter nähere, in dem
124 90 1108 145 ein Mann sich an größere Unternehmungen wagen darf
118 138 1127 193 und soll, so gestehe ich offen, daß ich es nicht ungern sähe, wenn
100 176 1123 242 gereiftere Intelligenzen mich würdig fänden, in irgend einer
96 231 1116 287 Weise an einer gemeinnützigen kommerziellen Schöpfung
116 284 387 336 mitzuwirken.
121 323 1134 383 Durch die eingreifende, soziale Umgestaltung, welche
122 371 1129 430 die große französische Revolution fast überall nach sich ge-
99 414 1132 477 zogen hat, sind Handel, Gewerbe und Ackerbau, wenn es
113 465 1113 520 erlaubt ist, sich so auszudrücken, demokratisirt worden. Die
108 510 1125 566 Kasten- & und Geburtsvorrechte, die Zünfte verschwanden. Damit
102 550 1133 614 wurde nicht nur der Gerechtigkeit Genüge geleistet, sondern
103 600 1089 659 auch die Zivilisation auf natürlichem Wege gefördert. –
92 642 1098 708 Doch wenn dem Talente und dem Fleiße alle Wege zur
124 688 1134 753 Belohnung geöffnet wurden, so blieben sie bei zersplitterten
124 738 1128 798 Kräften der Gefahr ausgesetzt, faktisch der Oligarchie des
104 776 1134 845 Reichthums allein die für die Gesammtheit bestimmten Vortheile
117 825 1131 891 zufallen zu sehen. Diesem Uebelstande biegen sie am Besten
125 873 1098 936 durch große Assoziationen vor. Der Erkenntniß hievon
133 918 1108 980 sind wohl hauptsächlich die allgemeine Anwendung
116 971 1125 1025 dieses Prinzip's und dessen unläugbaren Erfolg zuzu-
119 1014 1122 1072 schreiben; ohne daß ich deßhalb verkennen möchte, daß
161 1059 1126 1117 auch die modernen Erfindungen (dh deren praktische
124 1108 1131 1162 Einführung in die Industrie und die Agrikultur) durch
132 1150 1126 1207 eine bedeutende Kostenvermehrung viel dazu beige-
147 1200 1127 1251 tragen haben. In der That, wenn es einzelnen, selbst
114 1233 1133 1303 bedeutenden Kräften der Ankauf wenigstens kostbarerer
108 1283 1118 1349 Maschinen oft unmöglich ist, so können sie vereint leicht
118 1331 1122 1393 dazu schreiten. – Auf die Einwendung, die man etwa
