1090 1440
166 30 991 102 könnte man sagen, man habe in diesem
106 93 985 150 Gebiete die Böcke zu Gärtnern gemacht, die
118 143 1003 200 Vortheile für Basel gehen auch gar zu hoch &
107 191 1018 251 Argau stellt sich nach der Stundeneintheilung so
110 249 1061 300 daß es nach keinem Hauptpunkte hin über die taxe
118 298 1041 349 des 2ten  Kreises zu zahlen hat –. Ich füge nun zu
111 337 1067 398 Unterstützung meiner Meynung noch einige allgemeine
120 391 419 441 Betrachtungen bey.
169 420 1036 499 Es ist zwar ganz richtig daß unser Publikum & vorzüglich
116 481 1073 542 das Handeltreibende in Post & Zollwesen in so hohem Maße
120 527 1027 583 in Anspruch genommen wird, daß der Canton Zürich mehr
120 581 1049 620 als kein anderer, in dieser indirecten Weise an die
128 614 1068 665 neuen eidg: Kosten beytragen wird; allein wenn
125 647 1023 711 diese die Einnahmsquellen der Eidg: gegenüber ihren
130 704 1063 751 Verpflichtungen so verkümmert & vermindert würden
127 749 1008 795 daß enorme deficite entstünden, so müßten
120 789 1004 840 dieselben durch Geldcontingente gedeckt werden,
133 837 1084 883 welche hinwieder in unserm Canton durch vermehrte
129 884 990 931 Vermögenssteuern zu bestreiten wären, was ich für
134 929 1054 979 viel nachtheiliger hielte. Abgesehen davon daß es
123 973 1022 1027 schwerlich im Intresse des neuen Bundes liegen
126 1020 1052 1078 kann die Cantone öfters in der Art heimzusuchen,
126 1068 1071 1128 ist es überhaupt nicht billig, die indirecten Abgaben
129 1121 1077 1176 gerade da fallen zu lassen oder unverhältnißmäßig
117 1171 1085 1228 herabzusetzen wo sie größtentheils die reichern Classen
128 1217 1050 1290 der Bevölkerung treffen, während man solche zu
119 1272 1069 1336 Lasten der ärmern Classen stehen läßt, wie z. B.
123 1321 647 1372 Salzregal & Getränkabgabe.
