1152 1440
76 66 1075 116 Entwicklung uns. Turnlebens u. seiner Formen zu unterbrechen u. abzukürzen. Ich war beinahe der einzige, der
84 101 1075 142 aus der alten Zeit in die neue hinüberreichte, die meisten anderen waren erst seit kurzer Zeit Mitglieder, u.
80 139 1095 169 bis das Turnwesen bei dem beständigen Wechsel von Mitgliedern, in Geist u. Sinne der Gemeinde überging, u. sich ein Kern
82 163 1109 199 bildete, da mußten wohl Jahre vergehen. Doch darfst du nicht glauben, daß nichts geschehen sei zur Verbesserung
75 190 1091 229 des schon Bestehenden, zur Abschaffung des Schädlichen u. Unzweckmäßigen, zur Ausrottung von üblen Vorurtheilen und
78 222 1086 260 Meinungen, was aber geschah, wurde allmälig u. meist unbemerkt angesponnen u. angefädelt, u. wenn eine
78 250 1117 290 neue Einrichtung schon thatsächlich bestand u. sich als gut erwies, dann wurde die Gemeinde darauf aufmerksam gemacht
76 283 1104 322 u. es konnte kaum fehlen, daß sie nicht nur durch Erhebung zum Gesetz, sondern auch durch anderweitige Vervoll-
81 315 1107 355 kommnung ein gesichertes Dasein erhielt. Überhaupt habe ich gefunden, daß dj., welche an d. Spitze irgend e. Gesellschaft stehen,
74 346 1102 386 sehr Acht zu geben haben auf d. Gunst od. Ungunst des Augenblicks, u. wenn dsn je d. Wohl des ... Vereines mehr am Herzen liegt
75 375 1123 419 als ihre Meinung u. Vorschläge, mögen sie auch vortrefflich sein, so werden sie sich gedulden, &. die günstige Gelegenht abwarten,
78 407 1118 451 sie werden deswegen nicht weniger sich bemühen, für die Zukunft auf zweckmäßige Verbesserungen zu denken. Darum ist es gut, wenn
70 438 1124 481 man gerüstet ist, um das Eisen schmieden zu können, wenn es glüht. Wenn übrigens bei uns der Vorstand mehr Einfluß zu üben
72 468 1090 513 vermag, als in andern Secktionen, so mag dieß zum Theil von der Mischung, zum größten Theil aber auch von dem freundschaftlichen
72 500 1110 543 Verhältnisse aller Mitglieder unter einander herrühren. Diejenigen, die jetzt us. Gemeinwesen leiten, sind schon seit mehrern Jahren
72 529 1129 572 Mitglieder u. haben Theil genommen an dem Wiederaufblühen desselben, dadurch waren sie in Stand gesetzt zuerst auf einen geringen
69 559 1102 603 Kreis zu wirken, u. ihren Sinn zu verpflanzen, u. wie dann der Verein wuchs, so verbreitete sich derselbe Sinn auch unter
70 586 1121 636 den Neu-Hinzugekommenen, u. wurde stets von den ältern Turnern unterhalten u. gepflegt. Darum was wir im Ganzen
70 621 1107 666 leisten u. als Ganzes sind, verdanken wir zum größten Theile der freundschaftlichen Stählung, die das Leben auf d. Turnplatze genommen hat,
68 645 1093 698 denn mehr als durch Gesetze u. Belehrung wirken wir durch unpartheiische Menschenliebe u. durch Zutrauen. – Soviel über die
69 684 1070 728 Art u. Weise Gesetze bei uns zu schaffen u. geltend zu machen. Um von der Sache selbst zu reden, die ihr bei den neuen Turnern
65 711 1095 760 in Anregung gebracht habt, so kann ich euch nur in eurem Bestreben unterstützen. Bei uns wäre es eine fruchtlose Mühe,
60 735 1130 805 eine solche wissenschaftliche Untersuchung, wie ihr sie vornehmt, zur Vereinssache zu machen; als Gegenstand des Privat-Nachdenkens
63 781 1129 833 u. der Privatthätigkt für den Verein, wird dse von Euch bezweckte Umgestaltung der bisherigen Turnmethode schon seit Jahren
65 811 1117 860 bei uns bearbeitet, nur nicht auf radicalem Wege sond. auf ganz allmälige u. unmerkliche Weise. Wir finden es der
63 834 1119 892 Unmündigkt der Mitglieder anpassender, ihnen ins Bewußtsein zu rufen u kennen zu lehren: «was ist, als was werden
62 874 1144 922 soll u. warum» – Mein Vorgänger im Präsidium war einst nur deßhlb mein offener Gegner, weil er durch offizielle
66 904 1105 953 Einrichtungen, die Betreibung einseitiger Übungen begünstigen wollte, u. so z. B: an Turnfesten nach den einzelnen
65 930 1082 984 Maschinen die Preise vertheilt haben wollte. Die Elementarvorübungen, die wir seit 2 Jahren regelmäßig den Maschinen-übungen
63 965 1106 1012 vorausschicken, sind, wenn ich Euch recht verstehe, nach eurem Sinn beschaffen. Es kostete gewaltig viel Mühe bis sie einge-
58 994 1114 1042 führt waren, u. die Gründe dafür so geltend wurden, wie sie sich jetzt der allgemeinen Anerkennung erfreuen, denn Anfangs
64 1024 1114 1071 fand ich beinahe keine Unterstützung, keine Lust u. Liebe dafür fern . Anatomische Gründe habe ich niemals im Zusammenhange
59 1057 1099 1101 gegeben, u. wäre auch nicht verstanden worden, denn über den innern Bau des Menschen herrscht bei unsern Leuten
61 1091 1117 1133 noch tiefe Unwissenheit, dessen ungeachtet war mir bei der Leitung der Übungen die Natur doch des Menschen doch das
58 1125 1105 1163 leitende Prinzip, wenn auch für meine Turngenossen meist unbemerkbar. – Worüber ich mich aber wundere,
57 1160 1119 1192 ist das, daß m. sich bis dahin weder im allgemeinen Turnverein noch in irgend einem Spezialverein darüber verständigt
52 1187 1130 1222 hat, welche Anforderungen an einen Turner zu stellen seien, u. nach welchem Maaßstabe Lob u. Preis an den Turnfesten
58 1212 1110 1253 u. auf dem Turnplatze überhaupt vertheilt werden sollen. Ich bin einmal der festen Überzeugung, daß dem der
56 1237 1111 1287 Preis gehöre, der aus seinem Körper das gebildet hat, was zu bilden war, u. nicht ausschließlich dem, der von
47 1267 1119 1319 Haus aus durch Natur u. Verhältnisse begünstigt eine größere Anzahl künstlicher Übungsstücke machen kann,
56 1297 1074 1355 u. demnach könnte Jeder gutdenkende, mit kräftigem Willen ausgerüstete Turner, sobald er gesund u. ohne
53 1340 1118 1382 Gebrechen wäre, er brauchte weder groß noch von Natur stark od. sehr begünstigt zu sein, Hoffnung auf Anerkennung
51 1372 1024 1408 haben, u. allen Turnern ohne Ausnahme wäre die Mögligkeit gegeben, den ersten Preis zu erhalten. –
