1165 1440
185 160 1085 219 affaire, (en me garantissant la réalisation de 60 millions
171 213 1093 261 subsides, en espèces ou en rentes), je trouverais, ce me
170 257 1048 302 semble, sans beaucoup de difficulté le reste du capital,
167 297 1126 345 c'est-à-dire: les 60 millions en actions, et les 120 millions
162 340 1124 386 en obligations, en m'adressant aux capitalistes français,
165 380 1120 427 belges et anglais que je connais d'ancienne date. Seule-
156 419 1140 469 ment, il me faudrait dans ce cas une autorisation officielle
166 463 1131 512 émanant de votre Comité-promoteur. Je n'ai pas besoin
167 505 1103 554 d'ajouter qu'il me faudrait aussi allouer une certaine
166 549 1110 595 somme, tant pour les frais de voyage que que pour tous
168 589 1082 638 autres que nécessitera une négociation de cette
165 630 1141 680 importance, que personne ne saurait d'ailleurs mener
170 673 1127 721 à bonne fin sans faire des annonces et publications
154 715 1089 760 plus ou moins coûteuses dans les journaux des
177 758 378 801 divers pays.
312 797 1116 846 Enfin, comme j'ai eû l'honneur de vous
178 839 1116 885 le dire, je suis tout prêt à mettre mes bureaux de
173 885 1114 924 Turin à votre disposition. Ils sont situés dans le
164 921 1112 966 quartier le plus central, et agencés convenablement
179 965 1108 1007 pour de grandes entreprises. Mr l'Ingénieur
188 1005 1121 1052 Koller connaît bien ce local, composé d'une dizaine
185 1048 1133 1094 de pièces au 2me étage dans la maison Bolmida,
183 1087 1126 1137 et pourra vous donner de plus amples renseignements
179 1138 345 1174 là-dessus.
262 1170 1103 1217 Quant à moi, personnellement, comme
190 1217 1087 1256 aussi en qualité de gérant de ma maison de
196 1253 1126 1296 banque, (dont le siége principal sera probablement
191 1293 1116 1342 établi sous peu à Florence), je ne saurais que
