924 1440
66 49 911 112 également au Comité Luganais des propositions de cession
51 93 835 152 fort avantageuses. (ancien élément Genazzini.)
141 143 893 189 Vous concevrez donc, que Mons. Lavizzari soit
62 181 901 231 arrivé pour la conférence avec des dispositions fort
70 223 897 271 embarrassées et un air sérieux; il se figure avoir à
57 258 878 312 se décharger d'une énorme responsabilité; aussi
73 297 894 352 lorsque'à son tour il a pris la parole, il a débuté en
81 343 890 390 ces termes: «Si je ne consultais que mes sentiments
46 378 869 431 pour le Comité du Gothard et la déférence qu'il
73 420 886 472 mérite, certes je n'écouterais aucune proposition
75 455 887 514 en déhors des siennes; mais je dois dire que ma
74 496 846 549 conscience fait taire mes aspirations, et je me
355 544 431 566 aussi
62 548 909 595 permets de dire que les devoirs assumés vis à vis de
79 577 910 634 mes concitoyens m'imposeraient de tronquer toute
76 623 912 675 négociation avec lui et de conclure immédiatement
77 657 904 715 avec les Compagnies qui sont prêtes à se charger de
99 703 905 754 tout le capital qui nous manque et sans conditions.
68 735 910 799 Si les négociations avec vous n'existaient pas, votre
82 780 858 837 entreprise serait assurée depuis plusieurs mois.»
161 818 882 873 «Ceci vous expliquera a pourquoi nous ne saurions
84 850 913 913 accepter aucune dilation dans les accords avec votre
125 894 871 951 Comité; mais si l'on trouve un moyen de concilier
78 929 896 990 notre position, je ne refuserai pas d'y prêter la main,
52 983 600 1023 pourvu que ce soit desuite.» –
209 1007 885 1059 J'avoue que ce speech produisit sur moi
75 1044 876 1099 l'effet d'un bain hydropatique à 30 degrés sous
83 1098 195 1136 Zéro! –
163 1111 857 1171 Il ne restait que deux choses à proposer, ou la
80 1151 860 1213 Cession pure et simple de leur Concession, cession
67 1191 894 1253 qui devrait d'abord être approuvée par le Conseil
83 1226 894 1290 d'Etat, et puis par l'assemblée fédérale, en Juillet,
92 1269 874 1322 ce qui reporterait à 15 au 18 mois les 10 mois de terme
58 1296 909 1356 pour le commencement des travaux; ou une obligation
62 1329 912 1392 pure et simple du Comité, de verser les 2 millions dès que
