924 1440
82 56 867 123 unbestimmte Zeit verschoben werden soll, was
74 115 891 181 bei den manigfach widerstrebenenden Interessen
65 165 889 242 so viel als beseitigen heißt. Ich bin daher
68 227 871 301 begierig auf einläßlichere deutsche Berichte.
82 292 834 359 Wenn die Militair Ersparniß Commission
84 342 879 417 im Jennr 1866 sich versammeln soll, so werde
70 404 855 471 einem vorherigen Zusamentritt unserer
70 463 896 527 Section nicht beiwohnen können und es steht
66 512 895 585 selbst in Frage ob es mir möglich wird der Commission
70 575 865 644 selber sei es auch gegen Ende Jenner beizuwohnen:
51 621 886 706 denn seit Wochen bin ich so sehr & anhaltend sch
65 686 835 756 schmerzhaften Gichtischen & Rheumatischen
70 747 846 809 Anfällen ausgesezt, daß mein Arm steif
62 795 856 866 geworden & heftiges Kopfweh mir meist
49 862 848 922 schlaflose Nächte bereitet, Solche Übel
60 918 863 985 lassen sich nicht schnell beseitigen und selbst nur
53 971 861 1049 deren Beschwichtigung erheischt viel Zeit Geduld
53 1037 864 1106 und gelindere Witterung. Ich muß es daher
50 1092 843 1163 Ihnen überlassen die Section zu besammeln
65 1146 859 1220 meinerseit werde bemüht sein, die Ergebnisse
65 1200 880 1282 meiner Prüfungen Ihnen schriftlich zu übermachen.
74 1256 880 1341 Noch so vieles möchte ich mit Ihnen besprechen
