1152 1440
709 40 955 95 Roma 28/1 72
184 153 754 207 Pregmo Sigr Dr Alfredo Escher.
247 202 841 249 Direttore delle Ferrovie Svizzere e
260 249 711 290 della Ferrovia del Gottardo
712 290 854 328 Zurigo
335 433 1119 500 Si è costituita con sede in Padova una So-
295 497 1109 541 cietà col capitale tutto coperto di 10 millioni la
289 536 1108 585 quale porta il titolo di SocietàVenetaperimpre-
295 586 1105 630 se e costruzioni pubbliche. Il suo Statuto venne
298 627 917 677 approvato con Decreto Reale 25 corrte.
321 669 1110 721 Dovendosi in breve dar mano ai lavori della fer-
299 715 1083 757 rovia del Gottardo, il sottoscritto Presidente del
292 753 1123 796 Consiglio d'Amme della Società suddetta, si rivol-
282 787 1107 833 ge alla S. V. Illma per sapere se le opere saranno
297 831 1116 870 date al pubblico incanto od a trattativa privata
301 866 1113 911 e ciò affine di essere in grado di presentare egli
272 912 687 952 pure la propria offerta.
324 942 1122 991 Il di lui nome, che crede favorevolmente conoscui-
333 985 356 1001 (1)
292 987 1113 1036 to, sarebbe caparra di una buona esecuzione del-
303 1026 1125 1078 le opere che venissero affidate alla Società alla cui
294 1073 694 1116 Amme egli è proposto.
323 1113 794 1157 Con profonda osservanza.
837 1146 1075 1196 Devotissimo
805 1185 1105 1238 Vin Stef Breda
262 1187 798 1224 (1) Per informazioni Ella può dirigersi
295 1219 792 1245 o al SigrePaolino Talabot a Parigi o
294 1244 616 1268 a chiunque in Italia.
295 1257 824 1291 Indirizzo per la risposta: Deputato Vincen-
289 1284 894 1321 zo Stefano Breda per Padova a Ponte di Brenta
236 1314 1131 1359 P. P. S pagamenti potrebbero esser fatti in parte con obbligazioni
298 1352 1116 1382 avendo la Società Veneta aderenze con altre Banche che
286 1370 843 1399 parteciparebbero con Essa nell' affare.
