1109 1440
88 48 1089 112 Kräfte in dieser Suche angestrengt hat. Damit ich persönlich aber mich der Sache eifrig annehme,
100 100 1088 177 bedarf ich zuvor noch der beruhigenden Gewißheit, daß die drei Landjäger nicht durch Bestechung
98 166 1087 239 oder durch irgend welche bestimmte Versprechungen einer nachherigen reichlichen Entschädigung,
103 233 1088 299 sondern durch politische Motive oder durch persönliche Achtung u. Freundschaft für Steiger
104 297 1089 360 zu ihrem Schritte veranlaßt worden seyen. Gegenwärtig kann ich den Verdacht des Gegen-
114 358 1088 423 theils, der nicht etwa durch die konservativen Blätter, sondern durch die unmittelbare Kunde
116 422 1078 486 des Ereignisses in mir erweckt wurde, noch nicht unterdrücken; denn ich argumentire, die
119 483 1069 550 Luzerner Regierung werde zur Bewachung eines Gefangnen, an dessen Festhaltung ihr so viel
129 550 1090 616 gelegen war, doch nur Leute gebraucht haben, die sie für ganz zuverläßig halten mußte,
130 613 1086 683 bei denen sie nicht die geringste politische oder persönliche Sympathie für Steiger erwarten
137 675 1075 748 konnte. Ueber diesen Punkt also möchte ich dich noch um Aufschluß bitten; denn ich stelle
140 738 1085 814 mir vor, daß du bei deinen nahen persönlichen Beziehungen zu Männern, welche mit dem
139 801 1086 878 Ereignisse genau vertraut sind, darüber Gewißheit haben müsstest. Wäre dieses nicht
141 864 1094 942 der Fall, so wünschte ich wenigstens deine moralische Ueberzeugung zu erfahren. Viele Liberale
144 933 1090 1004 hier denken ungefähr wie ich; um so nothwendiger ist es, daß man der Sache auf den Grund sehe.
147 992 1077 1066 Da Beschleunigung in dieser Angelegenheit allerdings sehr wünschenswerth ist, so muß ich dich
158 1062 751 1131 natürlich ersuchen, mir sobald als möglich zu antworten.
290 1117 1086 1210 Den Brief an Kubli habe ich, mit seiner Adresse versehen, der hiesigen Post
160 1195 1086 1269 übergeben. Kubli war wegen bewußter Sache vor einiger Zeit einmal bei mir u. sagte mir,
