1157 1440
532 62 922 111 Rome le 3 Mars 1877.
449 222 811 278 Honoré Monsieur,
388 369 1136 417 Je ne tâcherai pas de m'excuser auprès de vous,
240 417 1117 460 cher & honoré Monsieur, de mon long silence. Je serais
239 460 1135 501 obligé de vous exposer l'histoire de ces derniers mois de la
232 499 1140 544 politique Italienne à laquelle, par mon journal & par mes
242 543 1140 587 rapports personnels, je me trouve lié d'une manière toujours
241 586 1133 629 plus considérable. Plus considérable même que je ne le
237 627 1119 672 désire, parceque par là je me trouve privé de toute liberté
238 673 1130 715 et de la plus précieuse parmi les libertés, la paix de l'âme.
351 713 1126 758 L'évolution parlementaire et politique qui s'est
230 759 1134 800 produise en Italie, spécialement après les dernières élections,
235 798 1142 844 a créé une situation très délicate et en même temps assez
238 845 1136 887 dangereuse. La partie plus nombreuse de la nouvelle
239 887 1143 930 majorité, appartient aux provinces Napolitaines et Siciliennes,
240 927 1133 973 et par ce fait les prétentions de cette Zône du Royaume pour
244 973 1134 1017 ce qui regarde les nouvelles constructions de Chemins de fer
242 1014 1120 1060 sont augmentées outre mesure. D'autre part les membres
239 1060 1135 1101 de la majorité qui appartiennent à la Haute Italie, dont
236 1100 1131 1145 MrDepretis est le chef, résistent à ces prétentions pour ne pas
242 1144 1125 1188 compromettre l'équilibre du Budget de l'Etat et parcequ'ils
244 1186 1122 1230 voient que les lignes qu'on demande sont trop coûteuses en
243 1230 1120 1272 comparaison de l'avantage qu'elles procureraient au
236 1273 1029 1316 mouvement général du Commerce et de l'Industrie.
356 1309 1112 1355 Ce fait qu'on cherche de cacher pour dissimuler
