1125 1440
226 174 1025 235 Hochgeschätzter Herr Regierungspräsident Dr Escher
216 293 1075 347 Was ich bei meiner Unterredung mit Ihnen vermuthet, das ist nun
224 335 1070 371 wirklich. Hrr Honnegger von Wald weiß davon, daß er vom Bez.
222 360 1105 398 Rathe neben Nauer zum Münzeinlösungsexperten vorgeschlagen
224 383 1086 426 worden, kein einziges Wort & erklärt mir heute in nobler
224 410 1092 452 Weise, daß er als Vorgeschlagener zu meinen Gunsten zurücktrete.
254 436 1080 482 Sie sehen hieraus daß der Bez.Rath Herrn Honnegger blos vorschlug
229 462 1102 512 um mich eher fallen lassen zu dürfen und um Herrn Honnegger
229 495 1102 537 ein geringes Compliment zu machen mit der Ehre im Vorschlag
211 517 1076 561 zu sein, während die größere Ehren als Experter zu figuriren dem
212 540 1111 588 Herrn Nauer vorbehalten werden wollte ohne daß Hr. Honnegger etwas
218 571 868 613 davon erfahren sollte bis die Wahl vorüber wäre.
234 599 1106 646 Ich habe in diesen Tagen jedesfalls wieder Erfahrungen gemacht
231 631 1040 673 die ich mir hinter die Ohren schreibe. Es gibt also auch Jesuiten
231 658 1104 701 unter vermeintlichen Freunden! Doch was sage ich – für meinen
229 692 1050 726 Freund habe ich eigentlich den characterlosen Mann niemals
218 715 886 755 gehalten, der mich jetzt am Bändel führen wollte.
252 738 1059 797 Auf der andern Seite hingegen habe ich mich gleichzeitig über
233 777 1077 824 die Treue meiner wirklichen Freunde & Gönner recht gründlich
233 802 1066 851 überzeugt. Ich habe erfahren wie Sie, hochgeschätztester Herr
229 831 1083 878 & andere meiner theuren Landesväter mir so herzlich gewogen
219 860 1089 907 sind, habe in Herrn Honnegger einen offenen edlen Verbündeten
213 883 1097 934 gefunden, Der in Aufopferung seiner gerechten Ansprüche mir
226 917 1097 961 einen unvergeßlichen Freundschaftsdienst erwiesen. Alles dieses
226 943 1050 988 verpflichtet mich nicht nur zum Danke sondern zu früherer
223 970 1047 1012 oder späterer thatsächlicher Anerkennung sei es in dieser oder
203 998 393 1030 jener Weise.
232 1024 1078 1071 Darf ich Sie, hochgeschätztester Herr, nun bitten, das Weitere
216 1062 1042 1098 in obiger Angelegenheit für mich besorgen zu wollen & mich
216 1086 1075 1127 Hhn Reg.Rath Sulzer noch besonders zu empfehlen. Sie wisen
216 1112 929 1154 daß ich ihn leider gestern nicht mehr treffen konnte.
275 1139 1054 1188 Genehmigen Sie meine Versicherung hochachtungsvoller
844 1186 1011 1219 Ergebenheit
276 1192 625 1232 Fischenthal den 13 Febr 1852.
836 1224 1029 1265 J J Keller
151 1243 246 1273 P. S.
229 1268 1085 1320 Daß ich mit diesem einverstanden bin, & wenn
184 1294 1109 1354 Herr President Keller gewählt wird, so freut es mich
197 1334 944 1378 mehr, als wenn die Wahl auf mich fiel.
180 1368 460 1400 Wald, den 16. feb. 1852.
595 1373 1063 1400 Zeichnet Achtungsvoll
596 1397 1108 1424 Joh Honegger, Mitgl. d. G. R.
