902 1440
679 126 863 157 Zurich, le 24 Nov. 1871
465 290 711 322 Monsieur le Commandeur
577 380 889 415 J'ai l'honneur de vous confirmer la
447 414 881 458 dépêche que je vous ai adressée hier soir, conçue en
453 458 543 501 ces termes:
474 502 888 543 «Vous prie hâter notification officielle, seule man-
436 543 888 585 quante pas encore, des 4 Membres Conseil administration
448 585 888 628 et des 2 Membres Comité Syndical désignés par groupe
446 627 865 671 italien. Groupe allemand a nommé Baron de
448 669 862 714 Rothschild et Parcus, Membres Comité Syndical.»
481 712 885 754 J'ai bien reçu votre estimée lettre du 19 Court
435 755 888 791 par laquelle vous me demandez, au nom de Monsieur
624 791 668 815 divers
445 815 874 838 le Comte Menabrea, des renseignements sur que je
447 839 695 881 m'empresse de vous fournir.
494 882 869 924 Comme c'est le groupe Italien du Consortium
447 923 889 967 international qui nomme Monsieur le Comte Menabrea,
449 966 881 1010 c'est à ce groupe, ou à vous, Monsieur le Commandeur,
448 1011 881 1054 au nom de ce groupe, que je pense qu'il appartient
452 1053 810 1098 de lui adresser sa nomination officielle.
475 1098 881 1134 Relativement au dépôt des 20 actions, ce dépôt
598 1134 639 1156 après
446 1150 886 1180 sa fera seulement bon que le Conseil d'administration
421 1179 571 1218 se sera constitué
851 1218 872 1240 on
479 1226 879 1257 Enfin, quant à la réunion du dit Conseil, nous
449 1256 511 1279 n'attend
450 1271 866 1307 n'attendons que la notification officielle que je
62 1185 380 1221 Monsieur le Commandeur Servadio,
40 1222 395 1262 Président de la Società Generale di Credito
88 1263 293 1306 Provinciale e Comunale
295 1307 394 1348 à Florence
