1128 1440
277 335 1105 402 finden würden. Im Ständerath gedenken wir uns dem Eintreten
281 393 1096 435 mit aller Kraft widersetzen zu wollen. Im übrigen komme ich
282 427 1091 473 immer mehr zur Ueberzeugung, daß das Frühjahr uns Fragen
271 461 1105 511 ganz anderer Art bringen dürfte, vor welchen diese Pro-
274 499 1096 548 jekte von selbst in den Hintergrund treten werden. Es ist
271 538 1096 588 natürlich dem ungeachtet gut, seinen Standpunkt schon jetzt in
269 572 1115 630 diesen Fragen festzustellen. Jedenfalls wirst Du noch sattsam
264 614 1102 667 Gelegenheit finden, am Kampfe Theil zu nehmen; ich bin
265 646 1107 705 sogar recht froh, daß Du Dein Pulver noch sparen kannst.
499 691 1115 743 Häberli scheint wegen seines Patenttaxen-
257 730 1097 783 handels sehr verbittert über mich zu sein; es verlohnt sich in der
258 767 1104 823 That der Mühe nicht wegen dieser einfältigen Geschichte. Unser
253 810 1099 853 früheres Bureau hat mich absichtlich an die Spitze der Kommission für
256 850 1113 896 den thurg. Rekurs gestellt, um Händel zu machen &. es scheint seinen
248 886 1105 947 Zweck erreicht zu haben, obschon ich jedes reizende Wort sorgfältig
259 928 1101 988 vermied. Jetzt spricht H. in der N.Z.Z. &. in der Thurgauer Z. von
253 984 1080 1023 «Kunstgriffen» des Referenten! Ich will indeß noch heute mit
246 1015 1099 1072 Häberli sprechen &. ihn hoffentlich wieder zur Vernunft bringen.
250 1058 1108 1117 In der Zwischenzeit hat er allerlei Leute aufgewiegelt z. B. Herr-
256 1105 1102 1157 mann, der sich jetzt über Undank beklagt, da er doch zum Polytechni-
253 1155 1094 1199 kum gestimmt &. immer mit uns gehalten habe; Mejer von Luzern,
252 1193 1118 1241 dem er eine Motion über die beförderliche Erledigung des Rekurses
246 1229 1119 1295 Heizmann in die Tasche geschoben haben soll u. s. f. Er hat allerlei
245 1273 958 1331 Tugenden &. Untugenden der reizbaren Frauenzimmer.
