911 1440
224 109 899 156 der Fahrten auch in diejenigen Conzessionen, welche
225 152 889 191 allfällig der Centralbahngesellschft erthlt werden
227 187 899 222 möchten, aufzunehmen», gestrichen. Es scheintł
234 223 895 255 ... die ...... unwichtige Ansicht ob-
230 251 887 288 gewaltet zu haben  es passe e. solche Vor-
222 284 885 328 schrift n. in den Conzessionsvertrag zwischen
219 316 903 373 Aargau & d. Nordostbahngesellschft. Materiell
225 348 885 396 ist aber diese Veränderg. darum ganz
216 387 899 433 unerheblich, weil derselbe Grund, welcher
213 420 876 471 Aargau veranlaßte, d. Bestimmg. bezüglich
209 458 892 510 d. Coinzidenz d. Fahrten d. Nordostbahn-
202 494 904 551 & d. Centralbahngesellschft in d. Conzession
204 536 896 571 für d. Nordostbahngesellschft aufzunehmen
323 563 518 578 dazu bewegen
217 574 894 630 ihn auch bestimmen muß, dieseß Bestimmg.
218 607 892 656 in d. Conzession für d. Centralbahngesell-
201 643 463 683 schft aufzunehmen.
242 677 877 720 Den Zusatz zu § 26, der vom Gr. Rathe
207 713 871 759 von Aargau beschlossen worden ist, hätte ich
215 749 889 796 gerne weggelassen gesehen, weniger weil
195 791 894 832 ich glaube, daß die in den Zusatz...durch
200 819 887 870 den Zusatz gebotenen Einrichtungen n. auch ohne
198 865 890 897 diesen Zusatz & freiwillig getroffen worden wären,
97 894 334 914 vielmehr darum
219 899 896 932 als weil es etwas Stoßendes für mich
279 926 887 949 der s. v. Staats- & Gemeindewegen bey d. Nordostbahn n. betheiligt,
204 939 898 978 hat, daß d. Ctn. Aargau, zu in sr Conzession
62 964 890 1017 auch nur Eine günstigere Bestimmungen haben soll als die Can-
208 1004 897 1053 tone Zürich & Thurgau, welche v. ... Staats- & Gemeinde-
205 1040 897 1091 wegen e. so bedeutende Betheiligg. bey d. Nordost-
196 1075 863 1130 bahnunternehmug. haben eintreten lassen. Es
200 1119 876 1166 scheint mir aber doch diese Veränderg
214 1155 862 1203 n. erheblich genug zu sein, um einzig
204 1190 887 1233 um ihretwillen d. Conzess. n. anzunehmen,
777 1224 872 1246 sowie
43 1233 892 1287 in Folge dessen neue Unterhandlungen mit Aargau& neue
196 1270 890 1313 Beschlüsse ds dortigen Großen Rathes zu ver-
213 1306 871 1349 anlassen & s. allen daherigen Wechselfällen
208 1340 884 1387 auszusetzen. Ich bekenne mich um so mehr
207 1381 884 1421 zu dsr Ansicht, weil der Gr. Rath ds Cts.
9 208 217 250 łhiezu der zwar
11 250 214 275 n. stichhaltige for-
9 274 215 300 melle Grund Ver-
6 296 204 326 anlassg. gegeben zu
5 323 85 359 habenen,
