1020 1439
39 59 968 106 Unendlichen, glaubt ihr, ihr könnet je wieder die Höhe der Bestrebungen erreichen, die
44 95 954 137 der Jüngling z erreichen vermag, wenn ihr nicht Jünglinge, sondern Männer sein
45 128 954 170 wollt? Seht, ich glaube auch, der Jüngling fliegt oft zu hoch in seinem Streben,
45 160 964 202 ich glaube auch, er könne dem bedächtl Alter als zu kühn, als zu vermessen er-
41 189 980 237 scheinen, ich glaube auch, er werde, Mann geworden, sich wundern, wie weit
46 220 966 271 ihn seine jugendl. Begeisterung geführt. Aber bereuen wird er es nie, oder
49 250 976 303 sollte es nie bereuen, denn er soll es wissen, dß ds Kind etw. Andres
47 289 950 331 als der Knabe, der Knabe etw. Andres als der Jüngl., der Jüngl. etw. Andres als der
44 316 976 365 Mann ist. Jüngling bin ich jetzt & erkenne mich als Knaben kaum mehr; aber ferne
45 347 974 399 sei es von mir, dß ich es bereute, als Knabe nicht schon Jüngling gewesen z sein.
49 381 983 429 Ferne sei es von mir, dß ich den Mann belächeln würde für sein besonneres
53 411 979 459 Streben & Sinnen. Ich weiß wohl, dß dieß seinem Alter eigenthüml. ist, aber ich weiß
49 442 981 495 auch – dß haben mir besonnene Männer gesagt, d. hochbegeisterte Jünglinge waren –
48 471 983 528 dß ihnen ds Jünglingsalter mit sn Idealen e herrl Zt war, & s. nannten s. die Blüthe
51 512 971 557 ihres Lebens. «Mensch sei Mensch! Jüngling sei Jüngling!» hatte mir jene
52 538 975 589 innere Stimme zugerufen. Siehe da die Aufgabe aller Jünglinge. Die Indivi-
56 573 937 611 dualitäten sollen sich also frei entwickeln unter den Jünglingen, aber von denen
46 605 981 642 wollen s. nichts wissen, die nicht Menschen & die nicht Jünglinge sein wollen. Doch
48 625 974 679 noch etw. hatte jene Stimme mir zugerufen, noch einen, den letzten Rath hatte sie
43 663 977 712 mir ertheilt: «Schweizer sei Schweizer!» hatte sie mir scheidd zuge-
44 692 953 744 rufen. Ach Gott, hier sind mir die Worte zu schwach, mit denen ich euch
51 729 973 776 beschwören könnte, dem Vaterlde jeder Zt treu z bleiben. Zof., die ihr aus
51 756 974 810 dem Vaterlande scheidet, wißt ihr ws euch zu Zof. gemacht hat; Schweizer,
45 789 974 843 die ihr aus dem Vaterlde scheidet, wißt ihr, dß ihr frei seid, oder frei sein
51 823 973 874 könnet. Jünglinge, die ihr aus dem Vaterlde scheidet, kennt ihr die einzige
51 852 982 904 Grundlage unserer Freiht, blicket scheidd zurück auf die hehren Gestalten
46 887 978 935 unserer Voreltern & die ruhmvollen Tage, wche die Schweizer sich selbst schon
48 912 967 971 bereitet. Blicket scheidd zurück auf die majestätischen Eisgebirge, wche die
46 944 980 1005 glücklichen & die unglückl. Tage ds Vaterlands gesehen. Blicket scheidd zurück
49 972 993 1039 auf die Herrlichkt, mit wch die Natur us. Vaterland verschwenderisch geschmückt
50 1003 948 1073 hat, blicket scheidd zurück auf die traute Heimath & den Kreis euerer
57 1038 988 1106 Lieben, wch euch ds Vaterland geschenkt hat, & die euch dem Vaterlande schenkten,
49 1066 985 1136 & wenn ihr dses Bild im Herzen tragd, dem Vaterlde untreu wden könnt, so seid
54 1118 349 1168 ihr keine Schweizer mehr.
146 1146 987 1197 Zof., ws mir jene innere Stimme zugerufen, wozu s. mich begeistert,
49 1177 979 1226 war ich gedrungen, mußte ich euch sagen. Ich habe es euch gesagt, Jünglinge,
45 1204 986 1257 erwäget es wohl, es sd die letzten Worte, die ich in euerm Bunde geredet.
53 1234 972 1290 Seid gegrüßt, Brüder in Laus., von euren Brüdern in Zürich, & empfgt ein
51 1275 671 1317 herzl. Lebwohl von eurem Correspondenten
556 1308 870 1339 Alfred Escher, stud. iur.
56 1319 344 1356 (Cop. durch C. Keller.)
375 1338 609 1376 d. 21 März 1838.
