1148 1440
117 78 1106 150 kann, so kann ich jetzt natürlich auch noch nicht sagen, ob ich mich einige Tage werde in Zürich
120 138 837 207 aufhalten können; ich werde Dir darüber später Mittheilung machen.
311 195 1134 268 Wenn ich in meinem letzten Briefe über Politik schwieg, so geschah es, weil ich von
126 241 1131 321 meiner persönlichen Angelegenheit zu sehr präokkupirt war. Ich habe aber auch jetzt nicht Vieles zu
123 293 1142 370 sagen. Der Waadtländer Konflikt nimmt einen für mich wenigstens sehr unerfreulichen Verlauf: ich kann
127 349 1137 419 weder das rücksichtslose Verfahren des Bundesrathes billigen noch die Politik des «passiven Widerstandes»
133 390 1140 469 von Seite der Waadtländer Regierung, welche mir sehr unpraktisch vorkömmt. Der erhobne Kompetenzkon-
126 438 1140 508 flikt gegen den Beschluß der Bundesversammlung ist eine Trölerei, bei der sich Waadt zum voraus im Un-
432 502 459 523 mir
131 499 1117 569 recht befindet; überhaupt kömmt es vor, der jetzige Staatsrath von Waadt bringe sich selbst um allen
130 544 1127 616 Kredit u. werde bald entweder seinen Gegnern oder, was wahrscheinlicher, seinen jetzigen guten Freunden
135 589 1116 668 von der konservativen Seite weichen müssen. Gespannt bin ich darauf, was nun die eidgen. Kommission
136 639 1136 721 mit den Parzellarplänen anfangen werden! – Auffallend ist es, mit welcher Ruhe die Schweiz im Gan-
129 690 1112 775 zen den Nationalrathswahlen entgegengeht. Im Kanton Zürich scheint zwar eine gewisse Presse etwas
128 733 1138 831 Opposition machen zu wollen gegen Dich u. Deine Freunde, hoffentlich aber ohne Erfolg! Vor Allem
137 784 1132 885 bin ich nun, wie Du leicht begreifen wirst, auf Eure Ständerathswahl gespannt, die den National-
137 835 1140 939 rathswahlen vorausgeht. Wie es bei uns gehen wird, weiß der liebe Himmel. Ziemlich allgemei-
136 892 1138 987 ner Wunsch ist es, daß einmal zwei Bessere nach Bern gehen möchten, aber bei dem eingewur-
128 944 1098 1037 zelten Komplimentwesen wird wieder Niemand den Bisherigen vor den Kopf stoßen wollen.
134 997 1142 1089 Von Jenni verlautet gegenwärtig nicht mehr, daß er ablehnen wolle. Trümpi war in den letzten Wochen
140 1051 1121 1141 sehr krank, scheint sich aber wieder zu erholen. Item, wir werden sehen! Organisiren läßt sich
146 1107 914 1191 bei uns nicht viel, da an einer Landsgemeinde Alles vom Moment abhängt.
281 1168 1126 1241 Mit herzlichen Grüssen u. Empfehlungen von uns beiden an Dich u. Deine
140 1227 746 1275 Frau, sowie an Deine Frau Mutter u. Schwester verbleibe
865 1293 1013 1333 Dein treuer
947 1330 1095 1383 J J Blumer.
