1146 1440
337 120 682 192 Hochgeachteter Herr!
190 254 1111 327 Mein Freund, Hr.  Friedrich Hilgard , der eine Anstellung bei der
198 298 1112 363 Administration des hießigen credit mobilier sucht und seine Einga-
200 337 1118 397 be deshalb mit seinen Zeugnißen begleitet, schon vor einiger Zeit
176 371 1095 435 gemacht, wünscht ein empfehlendes Wort von mir an Sie. –
187 401 1130 474 Ohne mir schmeicheln zu wollen, irgend ein genaueres Verständniß
203 432 1115 511 des betreffenden Institutes und der für die Angestellten erforderlichen
202 466 1127 548 Eigenschaften zu besitzen, muß ich mich darauf beschränken, Ihnen
193 503 1124 585 zu sagen, daß ich Herrn  Hilgard  schon von Heidelberg als einen
211 532 1123 618 der solidesten, fleißigsten und in allen Richtungen zuverläßigsten
203 571 1112 656 Männer kenne, der eine in mancher Richtung umfaßende
216 626 536 685 Bildung besizt. –
217 636 1114 725 Hilgard war Jurist. – Er gehörte einer der angesehensten
197 673 1117 760 Familien des Rheinkreises an, welche, als in den ersten
216 710 1098 793 Dreißigerjahren dort  Wrede  alles constitutionelle Leben
233 739 1076 830 niedertrat, ohne äußern Zwang das unfreie Land nur
236 778 1117 864 deshalb, weil es unfrei geworden, verließ und mit bedeutendem
242 806 1109 903 Vermögen nach Nordamerika übersiedelte. – Daher
214 871 818 938 sein amerikanisches Bürgerrecht. –
255 873 1111 978 Mein Freund, wohl einsehend, daß seine deutsche Jurisprudenz
244 918 1118 1014 in America ihm nicht viel helfen werde, besuchte mehrere
225 947 1092 1048 Jahre die politechnische Schule in Carlsruhe, wo ich seine
253 978 1113 1082 Bekanntschaft erneuerte, und die entsprechenden Anstalten
249 1022 1083 1116 in  Paris . – In  America  hatte er kein Glük und
248 1047 1116 1151 in der Unterstützung hülfloser Freunde büßte er dort
807 1132 887 1160 Leben
259 1084 1080 1187 einen wesentlichen Theil seines Vermögens ein und
208 1121 1122 1233 fand sich auch durch  americanisches nicht sehr befriedigt.
248 1164 1117 1273 Nach einer Reihe von Jahren kehrte er nach Deutschland
237 1206 1110 1318 zurük, wurde Anwaldt und machte als solcher mit Glück sein
