1086 1440
237 116 1052 190 sey. Es scheint nemlich der Wunsch obzuwalten,
232 178 1044 219 z. B. bey Herrn Gujer in Fehraltorf, der etwas
238 213 1067 245 von einem Credit. vernommen haben muß ｆu der
248 247 1049 277 an Herrn Statth. Müller schrieb, etwas zu für die
239 277 1065 314 Creditoren zu thun. Fatal ists übrigens
242 302 1073 341 wenn die Gläubiger dergleichen vernehmen, denn
430 332 472 355 sich
241 340 1080 384 werden sie nicht herbeylaßen, brüstet sich Bühler
222 374 1058 413 schon lange darmit: die Liberalen werden Herrn
231 398 1067 447 Oberst Weiß nicht fallen laßen! – Dann ver-
232 437 1052 475 lieren wir auf diese Weise für unser
225 463 1073 505 Unterstüzungsproject, denn niemand wird
219 492 1074 536 für die Schulden u. zugleich für die Hinter-
229 522 1077 569 laßnen Opfer bringen wollen! – Meine Ansicht
203 557 1065 599 steht fest: die Credit. müßen am End der
237 590 1064 631 Proposit. beystimmen, sonst erhalten sie gar
243 615 1079 668 nichts, also sollte man die Sache sich ent-
246 650 1067 700 wikeln laßen u. nur im größten Noth-
215 688 1059 729 falle vielleicht von Seite einiger Freunde
240 715 1043 758 etwas nachbeßern; denn wie bemerkt,
230 744 1073 787 Frau Weiß ist fest entschloßen nicht
233 776 600 814 weiter zu gehen.
272 804 1074 851 Wir werden allerdings diese Geschichte
238 844 1073 881 vorerst ins Reine bringen müßen, bevor
242 881 1058 909 wir den andern Punkt an Hand
232 906 1027 940 nehmen – u so behalte ich mir vor,
189 934 1052 975 Ihnen weitere Mittheilung zu machen, um
245 957 1076 1010 das weiter Nöthige in der Sache vorzunehmen.
177 999 1040 1037 Jedenfalls ehe ich irgend jemand, mit
236 1030 1042 1065 Ausnahme etwa der Creditoren, was schon
216 1054 1036 1096 gewünscht wurde, besammle, werde ich
200 1077 1067 1130 Ihre Ansichten einholen, wie gesagt jezt schon
236 1113 1033 1157 mit dem dringenden Wunsche, daß Sie
238 1141 1076 1182 an die Spize treten. – Wenn Sie vielleicht jezt
217 1172 1046 1208 schon Herrn Gujer schreiben würden, damit er
239 1200 1073 1236 ernstlich auf Herrn Bader einwirke, so dürfte es
212 1230 1032 1264 gut seyn. – Auch ich will gerne von Ihnen
236 1255 1058 1293 vernehmen, wenn Sie mir über das Gesagte
246 1286 1065 1317 Bemerkungen zu machen haben  oder andere Ansichten
237 1314 1045 1342 mitzutheilen haben, nur müßte es mit möglichster
223 1334 577 1372 Beförderung geschehen.
6 173 220 212 ｆ (wahrscheinlich von
21 204 229 235 Bühler der schon
20 230 230 255 in der Welt herum ge-
24 254 241 276 eist seyn soll,)
