1173 1440
153 61 1137 139 beinahe, wie Brändli es gethan hat, Dir dazu condoliren. Daß Dir die Staatsschreiberstelle
155 127 1141 200 aus vielen Gründen unangenehm u. lästig ist, begreife ich vollständig u. finde die energi-
151 181 1149 266 schen Ausdrücke, die Du darüber in Deinem lieben Briefe an mich gebraucht hast, keines-
162 238 1150 327 wegs übertrieben. Ein sehr großes u. anerkennenswerthes Opfer hast Du durch die An-
157 307 1141 382 nahme der Stelle jedenfalls gebracht; aber ich kann die Frage nicht unterdrücken: war ein sol-
162 359 1152 446 ches Opfer, das sich nicht bloß auf äußere Verhältnisse, sondern auf die Persönlichkeit selbst
162 409 1147 508 u. ihre Entwickelung bezieht, auch nothwendig? Jedenfalls nur unter der Voraussetz-
165 483 1117 563 ung, daß sich unter den Liberalen Zürich's kein andrer Mann fand, der die erste
173 541 1133 612 Staatsschreiberstelle zu übernehmen fähig war; eine Annahme, die mir etwas schwer
177 610 247 658 fällt.
317 644 1139 734 Es freut mich, daß Du mit dem Verlaufe unsers Schützenfestes zufrieden
183 707 1148 798 bist; ich glaube wirklich auch, wir dürfen mit Freude auf dasselbe zurückblicken. Mit
180 774 1147 856 Stolz sage ich darum nicht, weil die Hauptsache, die Vermeidung politischer Zänkereien
188 828 1151 916 u. leidenschaftlicher Ausbrüche des Partheiwesens, mehr dem guten Geiste, der in den Leu-
190 886 1128 975 ten herrschte, als den, wenn auch löblichen, Bemühungen des Comité's zu verdanken ist.
191 946 1112 1041 Die von Bern aus, ohne unser Wissen geschehne Ausschreibung einer öffentlichen Berathung
189 1001 1130 1112 in der Speisehütte über die Gründung eines schweizerischen Volksvereins war eine unsägliche
185 1059 1126 1183 Thorheit, die uns auch in finanzieller Beziehung, mit Rücksicht auf verminderten Festbe-
191 1129 1148 1251 such aus den kleinen Kantonen, vielleicht auch aus der Stadt Zürich, wesentlich geschadet
189 1184 1144 1319 hat. Sie wurde auch von Imobersteg selbst, dem ad hoc Deputirten, förmlich désavouirt,
