1161 1440
308 140 824 208 Hochgeachteter Herr Präsident!
337 442 1124 491 Ihrem Wunsche gemäß, habe ich mit Herrn Prof:
258 490 1093 533 A. Escher v.d.L. einen geologischen Plan nebst Profil
262 530 1120 576 über den Gotthard, nach der direkten Linie, von Gösche-
262 575 1144 618 nen bis Airolo, unter Benützung des Profils von Diethelm,
260 618 1117 660 der geologischen Karte von DrLusser und Ch. Lardy, so
258 659 1124 703 wie der Notizen verfaßt, die Herr Escher, in Ver-
261 704 1133 746 bindung mit Herrn Prof: Studer von Bern, vor vielen
257 744 1127 790 Jahren gesammelt hat. Da bis zur Stunde das be-
254 789 1147 831 treffende Exemplar der Dufour ' schen Karte mangelt,
247 828 1128 875 so haben die beiden Gelehrten, Studer und Escher,
267 873 1124 918 ein detaillirtes geologisches Studium des Gotthard
259 915 1143 961 bis jetzt unterlaßen. Für den Zweck des Gotthard-
233 960 1139 1003 Gutachtens ist der construirte Plan nebst Profil, ob-
238 1004 1142 1046 gleich Sie auf keiner Aufnahme unmittelbar in der
259 1047 1135 1089 Richtung des Tracés beruhen, hinreichend genau.
341 1090 1124 1131 Der Stich derselben ist fertig, und wohl auch
239 1132 1138 1174 größtentheils der Druck. Beifolgend habe ich nun
257 1175 1142 1217 die Ehre, Ihnen den dazu gehörigen, mit Herrn
243 1218 1140 1264 Profeßor Escher vereinbarten, Text zu unterbreiten.
