1091 1440
600 66 927 112 Winterthur 13. April 1860.
285 140 692 192 M Hochgeachteter Herr & Freund!
247 228 1061 307 Es mag Sie vielleicht interessiren wenn ich Ihnen mittheile, daß auf
225 304 1066 356 Morgen Abend in den Gasthof zur Sonne dahier eine allgemeine
216 351 1052 405 Versammlung ausgeschrieben werden wird, deren Zweck sein soll
227 403 1066 453 die Savoyer-Frage zu berathen und eine Adresse an den Bundes-
226 447 1077 505 rath zu beschliessen, worin diese Behörde ermuntert und der Sympathie
221 497 1047 554 der Versammlung versichert werden soll. Ich erhielt hievon durch
221 543 1050 602 Herrn Präsident Spiller Kenntniß welcher an den Vorberathungen
219 588 1073 654 Theil genommen und, was ich diesem braven Mann gerne glaube,
226 642 1046 707 zu verhindern gewußt hat, daß nicht, wie es beabsichtigt war,
226 698 1073 757 schon in der Einladung gehässige Angriffe auf die Bundesversamm-
226 743 1052 808 lung, die beiden Commissionen derselben u. s. w. stattfinden.
234 791 1064 856 Man werde daher die jetzige Situation objektiv auffassen und
240 839 1053 903 Persönlichkeiten, namentlich eine Kritik des Verfahrens der Bundes-
240 893 1048 951 versammlung, vermeiden. An der Spitze des Unternehmens
225 934 1040 1006 steht unser Herr Stadtpräsident Sulzer, unterstützt von seinem
232 990 1044 1059 bekannten Anhange. Daß die Versammlung von andern, nicht
229 1037 1063 1110 zu diesem Anhange gehörenden Leuten noch zahlreich werde be-
227 1096 1051 1160 sucht werden, möchte ich bezweifeln. Manche, welche vielleicht
222 1141 1055 1212 Theil nähmen, kennen den Geist der da dominiren wird; sie
233 1194 1024 1259 wissen, wie wenig man eine Opposition verträgt; und in der
227 1248 1067 1301 begründeten Besorgniß übermault zu werden, bleiben sie weg.
