1142 1440
169 133 1049 203 ad 1. Die erste Frage beantwortete ich dahin «ich
210 191 1080 246 zweifle im höchsten Grad – daß Sie nach Paris
199 235 1116 288 gehen können und wollen; – daß einer der Pascis-
205 278 1099 331 centen – im Augenblik der Vollziehung nach
204 319 1112 374 neuen Antheilhabern suche – ohne seine Mitpas-
205 356 1127 423 ciszenten davon zu benachrichtigen – schien
208 400 1130 469 mir unmöglich; wollte man aber Nordeutschld
205 454 1124 501 Baden Württemberg u Italien davon benachrichtigen
195 490 1117 543 so würde der eine oder andere Schwierigkeiten
210 536 786 584 machen vielleicht alle!!»
169 573 1117 628 ad 2.) «Noch viel mehr Gründe stehen in dem langen
233 618 1107 673 Bilde einer officiellen Verwendung Kerns
225 660 1113 717 entgegen, der seine Instructionen von Bundes-
237 700 1122 761 Rath empfange – dieser aber werde nicht im
231 745 1109 803 Augenblik wo er den Vertrag vom 15 Oct 69
238 791 1112 844 den Räthen vorlege – unter der Hand eine
246 828 1115 885 wesentliche Veränderung dieses Vertrags
250 881 626 925 anbahnen wollen». –
192 912 1115 973 ad 3.) «Die Betheiligung Frankreichs von Anfang
243 957 1123 1017 an – wäre meiner Ansicht nach ein wichtiger
250 999 1117 1058 politischer Gedanke gewesen – wie die Neu-
246 1039 1133 1102 tralität der Schweiz von allen Großmächten
252 1089 1129 1143 gewährleistet worden – so hatte die Neutra-
255 1129 1105 1184 lität der Gotthardstraße durch alle
260 1175 1101 1224 benachbarten Großmächte – durch ihre
271 1217 1088 1267 Participation am Unternehmen
272 1251 1103 1310 sicher gestellt werden könne. Ex post
