1093 1440
65 54 1076 102 Ich begreife aber auch, daß Ihr im Großen Rathe einen etwas schwierigen Standpunkt gehabt haben werdet,
75 100 1085 156 u. bin daher sehr begierig auf die Verhandlungen. – Was die Lage der Angelegenheiten im Allgemeinen
79 156 1073 207 betrifft, so finde ich mit dir, daß nach dem trostlosen Resultate der Tagsatzung nichts anders zu er-
82 203 1081 262 warten war, als eben die nun eingetretnen Ereigniße, u. daß daher der Genfer Gesandte eine ungeheure
81 260 1085 314 Verantwortung auf sich geladen hat. Ich glaube indeßen nach allem, was ich vernommen, daß nicht sowohl
86 313 1077 368 die Jesuitenfrage einen so schleunigen Ausbruch veranlaßt habe, als vielmehr die Nichtertheilung der
92 364 1039 422 Amnestie u. überhaupt das Schreckensregiment in Luzern. Die erstere wird durch den gegenwärtigen
91 416 1083 478 Kantonalputsch – denn wenn es gut geht, wird es doch nur auf einen solchen hinauslaufen – nicht vollständig
95 465 1084 528 gelöst werden, denn in Freiburg, Schwyz u. Wallis bleiben die Jesuiten doch, u. was Luzern betrifft, so hätte
802 528 867 556 ändern
97 546 1072 591 vor ihrem Einzuge sich wohl noch Manches dort auf friedlichem Wege gelöst werden können. Dagegen ist
95 577 1073 649 es sehr begreiflich, daß die immer mehr wachsende Zahl der Flüchtlinge, ihre eigne Kraft fühlend u. auf die
95 633 1080 706 Sympathien der Nachbarkantone gestützt, nicht länger anstehen wollte u. beinahe nicht länger anstehen
107 692 1089 763 konnte, den Knoten mit dem Schwerte zu zerhauen. So sehr ich gewünscht hätte, der Kampf wäre unter-
108 752 1081 819 blieben, so muß ich nun doch, da er einmal begonnen ist, von Herzen der liberalen Parthei den Sieg
108 808 1080 877 wünschen. Zugleich verhehle ich mir aber auch nicht, daß dieser Sieg nur dann ein ehrenvoller u. dauernder
108 860 1062 936 seyn kann, wenn – wie ich hoffe – die freie Stimme des Luzernervolkes in seiner Mehrheit sich auf
110 925 1072 995 verfaßungsmäßigem Wege sich für das fresinnige Prinzip u. seine Verfechter aussprechen wird.
111 977 1075 1057 Unser Volk ist auf den Ausgang des Kampfes ungemein gespannt; u. auch ich bin es so sehr, daß ich
109 1042 1083 1115 in diesen Tagen nichts anders thun kann. Ueber meine wißenschaftlichen Arbeiten, zu denen ich sonst
110 1103 1083 1172 immer wie zu einem geliebten Asyl zurückkehre, will ich dir in einem nächsten Briefe einläßlich
113 1160 1055 1234 schreiben, u. hoffe von dir ein Gleiches. – Empfehle mich deinen Eltern u. deiner Schwester,
108 1223 1055 1293 grüße mir meine Freunde u. sey – in der Erwartung, recht bald wieder Berichte von dir zu
367 1288 776 1337 erhalten – auf's herzlichste gegrüßt von
761 1334 833 1362 Deinem
865 1352 1051 1398 J J Blumer-Heer.
