915 1440
638 94 866 141 Bern, den 1. Febr. 1877.
277 319 573 367 Verehrter Herr u. Freund!
86 367 894 422 Ich bin Ihnen sehr zu Danke verpflichtet für die Mittheilung des Telegramms v.
117 421 896 478 Maraini: es ist seit langer Zeit die erste Nachricht, die einen ganz erfreuli-
106 477 881 533 chen Eindrukk macht. Die Stellung M.'s zu dem jezigen Ministerium ist auch
114 533 889 589 der Art, daß man wohl annehmen darf, er würde so sich nicht ausdrükken,
114 590 889 644 würde er nicht seiner Sache so gut als sicher sein. Mich hat diese Mittheilung
113 643 870 700 um so mehr gefreut, als ich gestern Nachmittag noch einen vertraulichen
112 700 885 756 Brief von Pioda hatte, der ganz anders lautete u. zum Mindesten noch eine
112 752 893 813 lange Verzögerung besorgen ließ. Ich lege Ihnen das Billet hier bei u. bitte
107 811 887 866 Sie, mir dasselbe nur ganzgelegentlich zurükkzugeben. Die angestrichene
110 866 881 922 Stelle scheint darauf zu deuten, daß vonItalienaus die Anregung nach Berlin
109 916 896 981 erging, die Subsidienzahlungen theilweise zu sistiren, so lange die Zufahrtslinien
110 980 876 1032 nicht in Angriff genommen seien. Nur unter dieser Voraussetzung kann ich
111 1031 671 1087 dem fragl. Passus überhaupt einen Sinn abgewinnen. –
78 1087 888 1144 Die Conferenz mit Favre ist also auf Montag vertagt worden, weil man be-
111 1141 882 1200 sorgte, an Einem Tage nicht fertig zu werden u. deshalb den Samstag nicht
104 1201 887 1253 passend fand. Möge eine Einigung erzielt werden: ich nähme eine solche als
109 1253 735 1309 gutes Zeichen für das nachfolgende, noch schwierigere Geschäft!
305 1309 753 1365 Mit vorzüglicher Hochschätzung Ihr ergebenster
714 1363 870 1409 Dr J. Heer
