1175 1440
686 9 780 28 H. Schweizer.
747 23 923 43 Von Herzen u. immer Dein
914 32 1160 48 Gott mit Dir, m. lieber, theurer Alfred!
683 46 1159 68 die ich kenne, besonders an Sins, Escher, Wyß, meine freundschaftlichsten Grüße!
672 62 1170 83 in Berlin die Bezeugg meiner herzlichsten Freude u. innigsten Glückwünsche; an alle,
8 23 36 1415 derselben nicht besonders günstig gestimmt sein; natürlich daß Vitodurum darüber jubelt. Ein entschlossener Wille vermag am Ende, Berge zu versetzen. – Nun nur noch zu Deinen wieder erhaltenen Freunden
26 23 48 1434 in d. größte Klemme getrieben, wo nicht anderswohin vertrieben od. gar unmöglich wird. Auch die Krämer von Basel sollen aus lauter Eifersucht über d. Gewicht u. d. Vortheile, wie sie f. Zürich erwachsen würden, f. d. Realisirg
40 34 66 1428 ziemlich unverholen u. kräftig über d. Gewaltthätigkeit u. Pratiken des Directors beschwert hat. – Aargau hat das ersehnte Expropriationsgesetz mit Mehrheit verworfen: wodurch die Eisenbahn nach Baden u. Basel
791 85 1115 107 Schwerzenbach 18 November 1838.
133 117 258 139 Mein Lieber!
81 138 1154 168 Je unerwarteter mir Dein freundliches Schreiben vom 16/17, X, a. c.  war, desto größere u. innigere Freude gewährte mir das-
62 164 1165 196 selbe; in der Freude meines Herzens las ich den Brief in aller Eile ein Paar Male, u. sandte ihn sodann alsobald nach Belvoir,
60 186 1153 221 um dort, wenn vielleicht zur gewohnten Zeit kein Schreiben von Dir daselbst angelangt wäre, mit demjenigen an mich Beru-
56 214 1141 248 higung u. Genuß zu bringen. Bald folgte ich dem Briefe selbst nach, u. hatte bei Anlaß unsrer Synode am 30 u. 31 October
60 238 1163 272 wieder Gelegenht, Deine Lieben zu sehen. Damals befanden Papa u. Mamma sich nicht ganz so, wie ich gehofft; Papa war von
60 264 1162 294 einer Heiserkeit als Folge e. kleinen Verkältung befallen, wie er solche früher öfter erfahren; aber ich kann Dir zu Deiner Beruhigg
59 288 1138 318 melden, daß er seit Deiner Abwesenheit in ähnlichen Fällen sich 10 Mal mehr Sorge trägt, als früher, u. deßnahen auch schneller wieder
56 309 1160 345 sich erholt. Es ist offenbar, daß Papa Allem aufbietet, um Dir immer gute Nachrichten v. seinem Befinden melden zu können,
57 337 1163 366 da er weiß, ... was diese für Dich sind, u. er will mit treuer Sorge sein Möglichstes thun, Dir den Tag Deiner einstigen Heimkehr
57 365 1165 388 ins elterliche Haus zu einem der genußvollsten Tage Deines Lebens zu machen, indem er sich selbst u. die liebe Mutter dem
54 385 1144 415 heimkehrenden Sohne so gesund u. froh, als nur in menschl. Kräften liegt, erhalten will. Du kannst Dir wahrlich nicht vorstellen,
59 408 1153 440 wie Papa u. Mamma nur in Dir u. für Dich leben, u. während der gute Vater mehr in d. Stille sich mit Dir u. von Dir unter-
55 437 1156 466 hält u. immer mit seliger Freude sich zum Schreiben an Dich an seinen Arbeitstisch hinsetzt u. viele Stunden diesem lieben Geschäfte
55 462 1156 488 widmet, kennet die treue Mutter keine größere Wonne, als Deinen Freunden u. Bekannten von Dir, Deinen Reisen, Deinen
52 486 1155 509 Studien, Deinen Bekanntschaften, Planen, ect. ect. zu erzählen u. aus der Fülle ihres Herzens auch Andern schöne Genüsse zu ver-
58 508 1159 534 schaffen. – Doch ich komme wieder auf Papa's Heiserkeit zurück, um Dir zu melden, daß solche sich bald wieder verloren hat, so daß ich
54 527 1167 563 ihn am 11–13 Novbr im besten Wohlsein anzutreffen die Freude hatte. – Mamma war, wie Du ohne Zweifel gehört haben wirst, gegen
53 557 1168 587 Ende Octobers gar unwohl, u. wieder von jener Geschwulst im Munde u. Gesichte befallen, die ihr vor 1½ – 2 Jahren einmal nicht geringe
54 586 1144 609 Schmerzen verursachte, u. in Folge der sie auch jetzt ein Paar Tage das Bett zu hüthen genöthigt war. Während der Synodal-
53 610 1155 637 Zeit fand ich sie wieder recht ordentlich; jedoch war sie noch sichtbar ermüdet, aber eine große Ruhe u. Zufriedenht. an ihr auch
52 627 1170 666 nicht zu verkennen; sie hielt sich damals den größten Theil d. Tages in Papa's Zimmer auf, entweder im Lehnsessel neben der Thüre
52 659 1150 686 ausruhend u. den immer lebendig-warmen Hu Pelz, den treuen Schnob, auf ihren Füßen, od. am bekannten Tischchen Faden
51 681 1165 713 auf ihre «Seelen» abhaspelnd u. aufwindend. Am 11 Novbr fand ich sie so heiter u. wohl, wie seit längerer Zeit nie! Du
54 708 1161 739 kannst Dir denken, mit welcher lebhaften Freude ich Dir, mein Lieber! dieses melde, u. ich hatte mir vorgenommen, Dir davon
55 733 1168 764 alsobald Kunde zu geben; aber, aber als vielbeschäftigter... Bräutigam (nun ist das Wort heraus!!), kam ich bisher nicht
57 758 1153 790 dazu, indem die ganze letzte Woche vom Montag Sonntag ( 11 Novbr) Nachmittags bis Freitag ( 16) Abends meinem Bräutchen,
56 784 1165 817 von dem Dir Deine Eltern gewiß schon Nachricht werden gegeben haben, u. unsern Empfehlungs-Visiten in u. um Zürich, in Kloten,
56 816 1161 842 Eglisau, Schafhausen, Benken u. Winterthur gewidmet werden mußte. Eine gar große Freude haben uns Deine Eltern dadurch
57 839 1163 871 bereitet, daß sie uns für den Abend des 12 Novbrs nach Belvoir einluden, wo ebenfalls Hr. u. Fr. Prof. Heer, Hr. Hirnschrot
56 862 1166 898 u. Hr Sal. Vögelin sich einfanden. Ein gar vergnügter Abend, bei dem nur Du mir noch mangeltest, um auch Dir meine Marie
59 893 1152 921 empfehlen zu können. Daß indessen Deiner oft u. viel erwähnt wurde, versteht sich von selbst, u. gegen Ende d. Abendgesellschft, als
60 911 1168 949 Papa seine Gäste mit e. Muster von Belvoir-Weinmost bewirthete, ward auf die Gesundheit des fernen «Trottmeisters» getrunken,
58 940 1166 970 u. unser Aller vereinte Grüße u. Wünsche sollten bis in die ferne Königsstadt aus unserm freundlichen Kreise Dir in den Ohren wieder-
61 963 1162 997 tönen. – Auf Belvoir geht sonst Alles seinen regelmäßigen Gang; das Innere des Hauses, ganz wie Du es kennest; die Vorfen-
61 984 1170 1024 ster eingehängt u. Alles zum gebührenden Empfange des Winters bereit. Nur Dein Zimmer ist wie ein allerheiligstes άδυτον
62 1016 1145 1047 verschlossen für alle Uneingeweiheten; es ist, wo möglich, hübscher u. glanzvoller, als früher. Dessen ungeachtet hat ein gewisser
61 1040 1163 1072 glücklicher Bräutigam es gewagt, mit seinem Bräutchen am Arme diesen Tempel zu betreten; ich will nun gewär-
62 1066 1165 1098 tigen, ob hiefür Absolution erhältlich sei od. nicht. – Draußen im Gute steht Alles im schmucklosen Herbstzustande und doch
62 1092 1152 1124 immer geschmückt u. schön da. Wahrhaftig, jede Jahreszeit hat ihre eigenthümlichen Reize an diesem lieblichen Orte. Je mehr die
57 1117 1167 1149 herbstlichen Winde wehen u. Bäume u. Gesträuche sich entblättern, desto mehr zieht Papa sich ins Haus u. Zimmer zurück, lebt
64 1140 1162 1173 bei seinen Arbeiten, freut sich im Genusse des stillen häuslichen Glückes mit der guten Mutter, u. singt nicht selten in harmlo-
60 1167 1157 1195 ser Seelenstimmung die schönsten Partien aus Opern, welche, von Dem. Vial vorgetragen, sein Innerstes angesprochen haben. Du
62 1188 1147 1222 weißt, wie vor einigen Jahren es für Papa fast Bedürfniß war, von Zeit zu Zeit Gesellschaften zu besuchen u. bei sich zu
59 1215 1152 1248 sehen. Jetzt bringt ihn, außer d. Theater, wenn Dem. Vial singt od. Mad. Birch-Pfeiffer auftritt, fast nichts mehr von
62 1241 1143 1272 Hause weg; so lieb ist ihm das häusl. Leben ... Gesellschft geworden. Natürlich, daß Hr. u. Fr. Stockar, besonders letztere, die
65 1270 1144 1291 theuern Eltern recht oft besuchen, u. Clementinesoll der sind die Stunden u. halben Tage, die sie auf Belvoir verleben
420 1283 522 1302 in der Heimath
71 1293 1172 1323 kann, die freudigsten. – So vereinigt sich denn so Vieles, fast Alles, um Dich wegen Deiner Lieben z. beruhigen u. Deinen Aufent-
69 1316 1162 1345 halt in d. Ferne recht angenehm u. für Deine Studien ersprießlich zu machen, u. wenn man vollends bedenkt, wie Du in Berlin
71 1337 1164 1369 überall aufgenommen wurdest u. was für herrliche Aussichten sich Dir für Geist u. Herz u. Leben öffnen: dann kann man nicht umhin, Dich
71 1361 1155 1392 als einen vom Himmel hochbeglückten zu preisen. O möge es Dir vom Vater im Himmel beschieden sein, daß Du auch fernerhin so ruhig
65 1383 1163 1412 u. glücklich, wie bisher, Deiner Ausbildung leben kannst, u. daß immer nur erwünschte Nachrichten von Dir nach Hause, u. von Hause
86 1402 303 1429 an Dich gelangen mögen.
