970 1440
13 186 735 247 Eidgenössischen Truppen mit der Überwachung der sich
7 227 743 281 hier aufhaltenden Flüchtlinge beauftragt. Wenn nun
9 256 742 315 derselbe in Vollziehung dieses Auftrages sich veran-
12 297 751 347 laßt sah, den Flüchtlingen das Tragen von Waffen
14 324 739 383 zu untersagen, so können wir diese Verfügung
9 360 722 416 nur für angemessen halten: denn es liegt auf
10 392 749 447 flacher Hand, daß, wenn Italienische Flüchtlinge in
9 424 749 481 dem hiesigen Cantone, also möglicher Weise unmit-
9 453 757 516 telbar an der Lombardischen Grenze Waffen tragen,
9 486 751 542 die Schweizerische Neutralität dadurch gefährdet wer-
14 520 139 554 den kann.
38 549 759 620 Wir sehen uns daher nicht veranlaßt, gegen
10 591 741 650 die von Herrn Oberst Ritter erlassene Verfügung
8 612 214 655 einzuschreiten.
43 653 764 720 Dagegen werden wir nicht ermangeln, Ihnen
14 700 738 751 den Verfügungen des Commandanten der hier
14 724 760 786 stehenden Eidgenössischen Truppen, die für Sie von
13 765 722 818 Interesse sein könnten, in der Meinung Mitthei-
13 792 724 852 lung zu machen, daß solchen Mittheilungen le-
10 827 717 883 diglich die Bedeutung einer einfachen Kenntniß-
10 858 349 902 gabe beizumessen ist.
53 891 761 952 Genehmigen Sie die Versicherung unserer
10 931 407 975 vollkommenen Hochachtung.
65 1109 238 1152 Lugano.
56 1150 282 1185 14 October 1848.
190 997 732 1044 Die Eidgenössischen Repräsentanten
332 1037 604 1080 im Canton Tessin:
343 1074 603 1129 J. Munzinger
339 1194 582 1292 Dr A Escher
