1135 1440
332 213 506 294 Lieber Freund!
214 370 1047 450 Ich eile dir einen Brief zu übersenden den ich so eben von Brenton
241 434 1094 509 erhalten habe. Es scheint daß die Frage noch unentschieden ist.
247 482 1097 577 Vielleicht daß Thorne nun doch die Sache zum Abschluß bringt.
354 559 1106 653 Ueber die Schritte, welche zu Gunsten der Schaffhauser
255 621 1083 702 Frauenfeld Wyler Linie geschehen sind wird dir Hagenbuch
270 663 1089 750 berichtet haben. Das neue Comité für diese Linie besteht
567 732 642 770 Praeses
279 721 1106 841 aus den Herrn Kappeler, Eglof, Ramsperger, H. Debrunner
276 782 1102 900 u. Oberst Kappeler. Ich verbat mir aus guten Gründen
269 841 1083 959 jede Betheiligung in diesem neuen Comité; u. habe mehr
290 900 1066 1020 als genug zu thun für die Stammlinie. – Die Herrn
277 956 1066 1090 werden nun ein Konzessionsgesuch bei den Behörden
292 999 1087 1154 einleiten. – Daß man in Fraufeld diese Anerbietungen
287 1062 1080 1210 der Engländer gerne sah wirst du begreiflich finden.
277 1138 1046 1266 Heute unterhandelten wir mit Hofman u. wurden
298 1194 1034 1328 fast über alle Punkte einig; nur über das Tracé
305 1270 1075 1382 das neu vorgeschlagen wird, Wyl Oberhofen
