1123 1440
175 71 758 157 Mein hochgeachteter Herr & Freund!
193 181 1101 267 Es hat in freundschaftlicher Beantwortung Ihres Geehrten
131 248 1082 325 v 14 dß  die gestrige Besprechung in fragl. Eisenbahn An-
90 290 1105 383 gelegenheit mit den Präsidenten der um Zürich liegenden
105 349 1076 432 Gemeinden, wie wohl die Versammlung, wie ich annehme der
126 403 1096 479 ungünstigen Witterung wegen wenig zahlreich besucht,
107 449 1105 531 zu dem Resultate geführt, daß wohl die meisten dieser
102 500 1087 581 Gemeinden sich mit Aktien betheiligen werden & zwar je
117 562 1079 630 nach ihren Verhältnissen von 2 bis auf 12 p Gemeinde; – es
80 605 1059 682 hat diese Versammlung darum nicht früher statt gefunden,
117 665 1111 723 weil bis auf letzten Samstag der Prospectus nicht erschienen war
361 719 412 748 Tage
124 711 1113 779 & doch auch einige zur nähern Prüfung dazwischen liegen sollten,
100 757 1111 830 auch war man in der Versammlung überhaupt der Ansicht, daß diesem
109 803 1113 880 Prospecte zu wenig Verbreitung zugedacht worden sei & man habe
116 848 1108 929 erwartet, es werde jedem Gemeindrathe hievon eine gewisse
109 897 1110 980 Anzahl zur Vertheilung mitgetheilt werden, denn wer nicht
84 943 1105 1034 zufällig Abonnent der N: ZZtg od Eidgn: Ztg sei, habe vergebens
111 1002 1063 1082 auf dieses Akten Stück gewartet; – nichts desto weniger war
110 1050 1109 1129 man dem Unternehmen günstig & auch bereitwillig die nicht
102 1106 1069 1179 vertretenen Gemeinden noch persönlich für die Betheilung
104 1153 1111 1230 einzuladen; – die einen der Vorstände werden solches noch vor Samstag
104 1199 1113 1282 vor die Gemeinden bringen, die andern betrachten es, gewissermaßen
100 1251 1049 1333 als reine Verwaltungssache, die in die Kathegorie der Darleihen
77 1300 1058 1376 gehöre & daher die Genehmigung der Gemeinde nicht bedürfe,
