1162 1440
311 119 1137 194 und dß dieß noch vor der Uebersiedlung der Regierung
316 175 803 227 nach Rom zu geschehen habe.
321 207 1136 260 Die Wünsche der italienischen Regierung – hinsichtlich
314 237 1121 295 der Art der Zahlung – während der ersten Jahre
308 273 1133 331 seien durch einen besondere Verständigung mit
313 308 1126 370 den competenten schweizerischen Behörden zu
309 366 559 408 vereinbaren.
315 383 1145 444 Allfällige Erhöhung des Beitrags des norddeutschen
315 421 1123 481 Bundes – in Folge der Einverleibung des Ellsaß
311 460 1137 510 sei zwischen Italien – und dem Norddeutschen
535 506 691 528 festzustellen
315 504 1111 558 Bund ... – ohne daß dadurch
309 534 1144 598 die materielle Grundlage des Vertrages v. 15tOct 1867
307 578 1114 631 hinsichtlich der Gesamtsubventionen – in dem Sinne
308 611 1124 666 verändert werden könnte – daß die Gesamtsumme
309 654 704 704 ermäßiget würde. –
313 703 614 745 2 Uhr Nachmittags
313 729 1094 785 Soeben komme ich aus einer mehrstündigen
316 774 1026 820 Conferenz mit Sella, Grattoni & Jaccomelli,
313 811 1102 853 in Folge welcher ich mich entschloßen habe
311 848 1097 897 sofort – nachdem ich die note verbale in
306 882 1146 946 welche die italienischen Desiderien zusammengefasst
312 922 1135 971 werden sollen – erhalten haben werde, nach
305 947 1136 1011 Zurich zu reisen – um Ihnen die Sache mündlich
314 997 587 1039 vorzutragen. –
312 1029 1118 1084 Die zwei Punkte über die man sich verständigen
314 1084 487 1123 muß sind:
305 1119 1137 1167 1.) Italien giebt das Mont Cenis Material so weit
319 1162 1137 1207 es durch beidseitige Ingenieuren als tauglich erfunden
317 1200 1134 1247 werden wird: uns zu einem billigen Preis über
310 1239 1137 1289 den sich auch beidseitige SachVerständige vereinigen
224 1276 1144 1334 werden, als a comsto-Zahlung – seines vertragsmäßigen Beitrages
