1125 1440
323 236 1116 298 war, haben die Ueberzeugung in mir hervorgerufen, daß Männer, welche
318 293 1095 335 sich der öffentlichen Thätigkeit widmen, ihre Genugthuung vor Allem in
320 331 1080 375 den großen Zielen zu suchen haben, welche sie sich vorsetzen. Nichts
327 367 1099 416 desto weniger gereicht es mir jedesmal zu lebhafter Ermunterung, wenn
322 411 1096 454 Männer, die ich um ihres Geistes und um ihres Charakters willen hochachte
320 452 1082 495 und verehre, mein Streben ihrer Anerkennung werth halten. Und so
318 489 1079 534 hat denn auch die Würdigung, die Sie, Hochverehrter Herr! meiner
326 530 1083 573 Thätigkeit, wenn auch weit über Verdienen hinaus, zu Theil werden zu
324 569 1083 614 lassen die Gewogenheit hatten, mich in hohem Grade ermuthigt, den
323 611 1103 652 dornenvollen Pfad unbeirrt fortzuwandeln, auf welchem die Verwirklichung
323 650 785 691 der Gotthardbahn angestrebt werden muß.
447 685 1082 734 Erlauben Sie mir noch, nur im Vorbeigehen darauf auf-
324 726 1099 776 merksam zu machen, daß die in Ihrem geschätzten Blatte aufgeworfe-
318 769 1092 814 ne Frage, «ob man bei der Begründung der Gotthardbahnunternehmung
328 808 1100 853 nicht mehr Aktien (34 Millionen Franken) und weniger Obligationen
326 850 1079 892 (68 Millionen) hätte ausgeben sollen» auf Seite 9 des Entwurfes zu
325 890 1084 931 einem Schreiben an den Schweiz. Bundesrath in erschöpfender Weise be-
319 931 486 971 antwortet ist.
464 965 1081 1017 Annehmend, daß es Werth für Sie haben dürfte, die in
315 1008 1111 1056 dem eben erwähnten Entwurfe zu einem Schreiben an den Schweizerischen
317 1050 1073 1096 Bundesrath aufgezählten Beilagen jetzt schon zu besitzen, beehre ich
318 1086 1074 1136 mich, Ihnen dieselben angebogen zu übersenden. Ich bitte Sie jedoch,
