1141 1440
707 39 949 85 Cöln 16 Decbr 1871
235 155 700 241 Hochgeehrter Herr Praesident!
252 287 1046 342 Einige Tage von Hause abwesend bitte ich es geneigtest zu
279 332 1063 388 entschuldigen wenn ich erst heute dazu komme Ihre sehr geehrten
275 382 1068 426 Zeilen vom 11t ds  zu beantworten. Die für die Kölnsche Zeitung
296 418 1085 465 bestimmte Mittheilung finden Sie in dem gestrigen Blatte inserirt
298 462 1004 502 da ich häufig von Cöln abwesend, auch ohne specielle Beziehungen zu der
290 494 1050 540 Presse bin so erlaube ich es mir gehorsamst zu empfehlen Mittheilungen
280 530 1069 579 deren Insertion in der Kölner Zeitung gewünscht wird im Interesse der
274 563 948 620 Gotthardbahn durch den Herren S. Oppenheim jr & C oder durch den
297 605 1069 655 A. Schaaffhausenschen BankVerein an die Redaction gelangen lassen zu
291 638 1028 692 wollen. Beide Stellen haben Beziehungen zur Kölnschen Zeitung und
289 674 1007 728 eine bei mir sehr leicht durch Abwesenheit mögliche Verspätung wird
287 726 407 761 vermieden.
287 750 1034 796 Den gewünschten Auszug aus den Statuten der Rheinischen Eisenbahn die
285 786 979 834 Zeichnung des Specialdirectors und die Direction betreffend lege ich
283 817 1017 875 diesen Zeilen bei. Die Statuten der deutschen Eisenbahnen sind zu ihren
272 859 1075 911 Vorschriften die Zeichnung betreffend sehr different. Die Mehrzahl der Statuten
262 888 1061 952 der deutschen Bank und Handels Gesellschaften enthalten die Bestimmung daß
271 925 1071 989 die Gesellschaft nur durch die Collectiv Unterschrift zweier Direktoren verpflichtet
274 986 423 1024 werden kann.
279 1009 1069 1059 Die Wahl des resp der leitenden Techniker für die Gotthardbahn Gesellschaft ist
279 1041 1040 1096 eine ungemein schwierige und zu meinem lebhaften bedauern bin ich nicht in
273 1077 1020 1133 der Lage Ihnen bestimmte Persönlichkeiten, welche mit Aussicht auf Erfolg in
293 1120 1078 1169 Aussicht genommen werden könnten vorzuschlagen. Die meisten Erfahrungen
284 1160 973 1205 im Bau größerer Tunnell sind in der Schweiz und in Oestreich
281 1196 970 1250 gesammelt. Ein tüchtiger Schweizer Ingenieur, welcher bereits
