1195 1440
42 46 1115 125 Nachdem sich nun aber ein Redner, ich weiß nicht mehr dagegen od. dafür erhoben, stand
46 96 1117 167 einer nach dem andern auf, u. so wurde diese letzte Verhandlung zu einer der längsten u.
37 132 1133 213 lebhaftesten. – Zum 2ten Male trat Bordier auf; sein Gesicht erglänzte, seine Augen funkelten,
39 173 1140 259 sein ganzer Körper war in Bewegung; begeisternd wirkte seine Rede u. das Gemüth mit unwider-
29 208 1148 306 stehlicher Gewalt hinreißend, u. vollends der Schluß: «u. kehre ich aus der blutigen Schlacht zurück,
30 259 1129 350 so wünsche ich sagen zu können: ‹Ich hatt' einen Kameraden›» etc. – Rauschender Beifall folgte
35 301 1128 399 auf diese Worte. – Doch nicht auf Alle machte diese Rede denselben Eindruck. Je weniger
36 343 1110 448 Überlegung u. je mehr Verkennung der Schwierigkeiten von den Rednern an Tag
35 388 1137 498 gelegt wurde, desto mehr fanden sich Einzelne zur Überlegung angeregt. So auch
40 433 1130 544 ich unter andern. – Es schien mir einer Versammlung von Gebildeten nicht würdig zu sein,
31 487 1124 589 daß m. einen Beschluß fasse zur Bildung eines Freikorps, ohne vorher sich über Zeit,
30 523 1123 638 Zweck u. Wie der Bildung gehörig berathen zu haben, darum ergriff ich gegen meinen
42 568 1130 683 frühern Entschluß das Wort. Ich suchte auseinander zu setzen, 1o daß wir uns jedenfalls einem
48 610 1169 727 Obersten Commando unterziehen müßten u. daß wir wahrscheinlich von der Tagsatzung zuvor als Freikorps
38 658 1124 771 anerkannt werden müßten 2o daß ein jedes Korps, wenn es nicht größern Schaden als Nutzen
38 701 1104 817 stiften soll, im Sinne des Schlachtplanes agiren müsse u. folglich geschickte Officire an der
39 743 1123 868 Spitze nöthig hätten 3o daß je ungeübter ein Corps sei, desto geschicktere Officire von Nöthen
46 788 1133 918 seien 4o daß wir bei dem Mangel überhaupt an solchen überhaupt in der Schweiz keine erlangen
47 842 1135 965 würden 5o daß, wenn sich das Freicorps nur auf den Zof.Verein ausdehnen sollte, mit
49 891 1166 1032 Abzug derer, welche schon in andere Corps eingetheilt sind, od. erst noch von den Regierungen
45 940 1148 1070 in Anspruch genommen würden, od. sonst sich verhindert sähen, das Häuflein sehr klein werden
46 992 1104 1112 dürfte, u. s. w. – Meines Erachtens sei es klüger gehandelt, u. des Zofingers eb
52 1026 1169 1164 wenigstens eben so würdig, wenn man sich frage, wie man dem Vaterlande wohl nützlicher
46 1094 1118 1201 dienen könne, als: wie angenehmer. Kein Zof. werde sich dem heiligen Kampfe
33 1133 1120 1247 fürs Vaterland entziehen, dann aber nehme jeder die Stelle ein, in welcher er
50 1185 1099 1293 am meistenzu leisten vor zu können vorsieht etc. Hebler von Bern, der
50 1230 1132 1342 bereits im Bernerischen Contingent eingetheilt d u. Ober Lieutenant ist ......
41 1281 1125 1384 sprach nach mir im gleichen Sinne u. rieth nach gründlicher Auseinandersetzung
44 1348 998 1413 seiner Gründe, von einem Beschlusse für jetzo wenigenst noch abzustehen,
