1156 1440
538 133 977 188 Baden den 7 Juli 1855.
117 237 631 304 Mein lieber Freund!
252 348 1117 432 Du bist in Deinem letzten l. Briefe v.
57 415 1148 484 4ten dss. M.  mit meiner «Melancholie» etwas grau-
49 475 1145 531 sam verfahren. Mich dünkt, meine Erlebnisse seit
49 512 1148 579 mehr als einem halben Jahre & gerade auch diejenigen
53 564 1109 630 der letzten Wochen seien so beschaffen, daß man
34 611 1139 683 schon etwas trüber als gewöhnlich in die Welt hin-
65 660 1139 738 aus schauen kann, ohne deshalb den Verdacht auf
49 701 1145 793 sich zu laden, durch Melancholie reizend sein zu wollen.
67 767 1147 832 Ach Gott! mein lieber Freund! ich verzichte gegenwär-
65 822 1134 874 tig mehr als je darauf, irgend jemandem reizend
45 859 1142 930 vorzukommen! – Was ich dir da schreibe, ist übrigens
58 904 1142 988 nicht etwa als ein Vorwurf aufzufassen, der nieman-
49 955 1138 1017 dem gegenüber schlechter angebracht wäre, als ge-
48 1010 1086 1062 genüber von dir, da ich ja wohl weiß, daß Du
56 1061 1138 1114 mich eben aufzuheitern suchst. Ich schrieb es Dir nur,
58 1101 1111 1166 damit Du mich beurtheilest, wie ich bin, & damit
55 1155 1116 1217 du dir von meinem gegenwärtigen Zustande
64 1198 1099 1270 ein wahres Bild machest. Ich habe schon, wie Du
56 1248 1114 1317 dieß auch aus meinen Briefen entnehmen
58 1295 1111 1358 kannst, manche heitern Augenblicke: aber nicht
