1169 1440
191 153 1119 221 Wenn nun aber nicht Alles wieder in die Brüche
196 216 1157 270 gehen soll – so muß Graf Bissmark bei seiner
206 263 1128 321 Ehre gefaßt – und ihm begreiflich gemacht
211 316 1138 370 werden – daß ein Mann von seiner Bedeutung
225 359 1154 423 ein so großes Werk an seinen Namen knüpfen
227 416 1157 471 müße – was ihm in der Geschichte einen reinern
218 459 1157 523 Nachruhm sichere als die Annexion Hannovers.
225 517 1137 570 Verzögerung – sei aber Aufgeben hier
237 562 1133 618 denn wenn einmal der Montcenis und die
242 612 1156 670 Linie der Corniche GenuaNizza im
235 663 1155 721 Betrieb seien so baue man den Gotthard
241 717 513 768 nicht mehr. –
242 768 1140 818 Bei Unterhandlungen komt man oft zu
235 807 1147 871 sonderbaren Bundesgenoßen – Mais il faut
235 868 1152 917 «faire flêch de tout bois». Als mir der Director
236 908 1142 969 der römischen Bahnen schrieb: «Soutenez ma
205 959 1155 1016 cause auprès de vos amis – et je vous promet
204 1012 1078 1064 de soutenir la votre auprès des miens»
235 1058 1156 1117 graute mir anfänglich – davor – was ich Ihnen
254 1109 1138 1168 in einem frühern Schreiben angedeutet
241 1156 1162 1220 nachdem ich aber sein – und mein Lager gezählt
267 1218 978 1264 wußte ich was ich zu thun hatte.
