1177 1440
282 168 1141 219 der Gotthardbahn, beziehungsweise des dazu gehörenden «detaillirten
294 217 1148 262 Kostenvoranschlages» von dem «generellen Projekte», beziehungsweise
283 263 1151 305 dem darauf bezüglichen «approximativen Kostenvoranschlage» desselben.
237 303 1141 349 4. II. Nachweisung zur Begründung der Ansätze, welche in dem neuesten
279 346 1126 391 unter Berücksichtigung der Beschlüsse der bundesräthlichen Experten-
279 392 1157 434 kommission angefertigten Kostenvoranschlage (Dezember 1876) enthalten
275 432 352 478 sind.
240 477 1148 521 5. Zwei Programme für die finanzielle Rekonstruktion der Gotthardbahn-
279 521 472 568 unternehmung.
332 566 1155 621 Zu Ihrer Orientirung mit Bezug auf diese Aktenstücke erlaube
240 620 841 663 ich mir noch einige Mittheilungen zu machen.
318 662 1099 706 Unmittelbar nach Eingang der oben erwähnten Eingabe der
234 705 1158 748 Direktion der Gotthardbahn an den Schweiz. Bundesrath vom 3. März dss.
236 747 1110 791 setzte der letztere, dem von der Direktion geäußerten Wunsche ent-
238 788 1137 836 sprechend, eine Expertenkommission zur Untersuchung der Gotthardbahn-
240 832 1160 880 angelegenheit in ihrem ganzen Umfange nieder. Der Schweiz. Bundesrath
243 877 1122 924 hatte, bevor er die Kommission ernannte, nicht unterlassen, gegenüber
236 921 1128 965 den andern Subventionsstaaten den Wunsch auszusprechen, daß sie sich
242 965 1158 1009 bei dieser Untersuchung ebenfalls betheiligen möchten. Sowohl die Deutsche
241 1008 1146 1052 als auch die Italienische Regierung gingen aber auf diesen Vorschlag nicht ein,
241 1052 1135 1095 erklärend, daß sie die Vornahme der Untersuchung zutrauensvoll dem
242 1095 1139 1140 Schweiz. Bundesrathe überlassen. Die in Folge dessen von dem letztern
241 1135 1155 1186 allein ernannte Expertenkommission wählte in ihrer ersten Sitzung eine
248 1180 1146 1230 Subkommission zur Vorberathung aller in den Bereich der Untersuchung
