909 1440
40 162 894 235 les circonstances et les questions qui peuvent surgir: mais
38 208 858 285 je ne crois pas nécéssaire, et partout pas utile, de
45 251 862 335 caracteriser ces eventualitées, avec un titre trop
40 332 208 380 determiné.
212 352 872 425 Ayant suivi les Conference de Berne et
57 382 878 478 les discussions à la Chambre Italienne sur le Gothard,
41 426 866 528 je comprends très bien que les rapports officiels
57 476 882 578 resteront exclusivement entre le Conseil Fédéral
53 522 895 632 et le Gouvernement du Roi. Ainsi je n'envisage
50 576 876 681 les fonctions de Représentant de la Société, vis a
55 626 880 728 vis du Gouvernement, que comme un complément
60 669 856 778 nécéssaire à l'action du Ministre Suisse,
60 719 877 827 le quel par sa position officielle même, ne
61 768 889 875 serait en mésure de suivre toutes les phases
52 822 835 921 de chaque question dans ses moindre
50 869 863 967 details. Et, malheureusement, dans la plus
41 912 848 1016 part des circonstances, ce sont les details qui
49 983 553 1063 gouvernent le monde!
175 1022 870 1107 Sous ce rapport, étant lié d'amitié ou
52 1066 856 1158 en connaissance personnelle, avec la plus part
53 1108 874 1206 de nos hommes d'Etât; ayant étudié, aussi par
54 1169 810 1251 experience, les voyages administratifs et les
59 1216 882 1300 lois qui s'y rapportent, – je pourrais toujours
66 1271 851 1344 être en mesure de donner ou de récevoir
68 1318 893 1381 des reinseignements, d'une façon plus expeditive
