1124 1440
93 45 1089 129 lich fördern müßte. Da ich aus meiner Erfahrung, so weit sie für dich maßgebend seyn kann, diese Ansicht
99 109 1080 184 bestätigen muß, so könnte ich dich in jenem Gedanken nur unterstützen, soferne nämlich es eine
101 167 1099 233 Stelle wäre, die dich nicht zu sehr beschäftigen würde, sondern dir für deine wissenschaftlichen Arbeiten
103 230 485 288 immer noch hinlängliche Zeit übrig ließe.
235 271 1103 354 Du wünschest ferner zu erfahren, was Sinz in seine Briefen an mich wider dich geschrieben
102 335 1106 406 habe. In Rapperschwyl sagte ich dir, daß er dich darin nicht nenne; dies war ein Irrthum, leicht erklär-
102 385 1106 453 lich daraus, daß es damals schon ziemlich lange her war, daß ich den Brief erhalten u. gelesen hatte.
101 427 1105 504 Er spricht zwar zuerst im Allgemeinen von seinen Freunden, die ihn von seiner neuen, praktischern
98 476 1106 557 Richtung, in der er sich viel glücklicher fühle, als bei seinem frühern abstrakten Wesen, abzubringen
95 532 1112 608 suchen, dann aber auch speziell von dir. Mit Bedauern erzählt er, du habest ihm im letzten Winter
101 583 1099 652 einmal gesagt, «du befindest dich zwar noch wohl in seiner Gegenwart, doch könne er dir keine Anre-
581 650 613 679 sehr
103 647 1104 717 gung mehr wie früher gewähren», – was ihn in seine trübe Stimmung versetzt habe. Er fügt diesem bei,
109 681 1094 774 daß er überhaupt mehr Schonung im Tone des Widerspruchs erwartet hätte, welcher oft in wahre
114 736 1098 827 Stichelei, eine beleidigende u. zu ernster Gegenwehr auffordernde Form, ausgeartet sey, – daß er
116 794 1111 881 nun entschlossen sey, seinen eignen Weg zu gehen, ohne sich zu sehr um das Urtheil Andrer zu beküm-
117 851 1095 934 mern, – u. daß er nun in Neuchâtel in seiner Praxis grossen Erfolg habe u. auch mehr als seine
118 912 1103 986 Vorgänger in Gesellschaften eingeladen werde. Ich antwortete ihm darauf im Allgemeinen ganz
125 965 1105 1040 kurz, ich bedaure sehr das Mißverhältniß, welches zwischen dir u. ihm eingetreten sey, glaube
123 1019 1099 1095 aber, daß dasselbe theilweise auf bloßem Mißverständnisse beruhe, indem du wohl keineswegs
118 1075 1109 1151 seine Fähigkeiten für's praktische Leben bestreiten, sondern ihn nur aufmuntern wolltest, das
127 1132 1100 1210 wissenschaftl. Ziel, welches er sich einmal gesetzt habe, unverrückt im Auge zu behalten. –
126 1180 1094 1267 Ich bitte dich nun sehr, von dieser Mittheilungen, zu der ich mich nach der Lage der Sache berech-
130 1232 1095 1314 tigt glaubte, keinen weitern Gebrauch in deinem Briefe an Sinz zu machen, da dieses die
