1113 1440
554 33 975 95 Sécheron le 6 9bre 1865.
355 178 507 225 Monsieur,
239 207 1101 285 J'ai reçu la lettre que vous m'avez fait l'honneur de m'écrire le 3 Ct
203 279 618 322 en réponse à la mienne du 26 8bre.
242 291 1069 359 Je regrette infiniment d'y trouver l'expression d'une opinion aussi
191 326 1063 389 formellement contraire à la note que j'ai eû l'avantage d'adresser au
199 349 1094 422 Conseil fédéral en 1863. Je ne me dissimule pas quel prix considérable
194 384 1075 454 votre opposition ajoute aux difficultés que rencontre l'adoption de mes
194 407 1094 485 idées; mais si le refus de concours de votre part altère ma confiance
169 442 1086 513 dans la solution espérée, elle ne change pas mes convictions personnelles,
171 474 1048 540 persistantes, quil y a quelque chose à faire et que la concentration
168 499 1081 573 des chemins de fer suisses est le seule issue à l'état de choses actuel.
233 527 1060 606 Quant à la garantie d'un revenu annuel, base fondamentale
196 562 1078 632 de ma proposition, ce système a été adopté successivement, par
192 593 1049 659 tous les états du continent et aussi par l'Angleterre par les Indes. C'est à
182 616 1074 691 sa puissance que le réseau universel des chemins de fer doit d'...pre
181 648 1061 720 s'accomplir aussi rapidement, et il me semble que la Suisse elle même
189 684 924 749 l'a appliqué à l'exécution de son réseau thélégraphique.
205 695 1084 780 Quoi qu'il en soit, j'ai peine à comprendre, je l'avoue, qu'un esprit
181 732 1091 809 aussi éminent que le vôtre, Monsieur, paraisse trouver tellement excessif
179 767 1107 836 ce système, approuvé par tout de gouvernements éclairés, que, dans votre opinion,
172 793 1054 864 même avec votre concours, l'assemblée fédérale ne l'accepterait jamais!
230 819 1090 898 et de la position exceptionnelle que la situation p... du Nord-est ferait,
183 849 1091 928 Permettez-moi, Monsieur, d'avoir meilleure opinion de votre influence
182 881 1084 957 a son fondateur et président, si une discussion sérieuse, dans les chambres,
179 913 1064 984 venait à se soulever à ce sujet; et d'espérer que la réflexion pourra,
177 941 1074 1014 un jour ou l'autre, vous rem...... idée invariable: que l'équité
171 975 1092 1043 matinale et ces intérets bien entendus de la confédération se réunissent
162 1007 1091 1070 pour ne pas laisser périr la belle industrie des chemins de fer en Suisse,
172 1038 1066 1098 alors qu'il serait si facile de le retrouver sans compromettre en rien
169 1082 443 1131 les finances fédérales.
263 1101 1072 1173 C'est dans cette espérance et cette profonde conviction que je vous
175 1151 973 1209 renouvèle, Monsieur, les assurances de ma haute considération.
543 1196 824 1246 F. Barthalony.
190 1321 1081 1381 Monsieur Alfred Escher président du Conseil d'administration
610 1360 980 1402 du Nord-est à Zurich –
