1126 1440
163 175 1049 233 aupt beantworten soll. Kern ist der Meinung, man sollte
180 228 1033 280 nicht mehr antworten, sondern einfach handeln. Allein die Sache
169 272 1048 329 hat auch ihre andre Seite; einmal erwartet Frankreich eine Ant-
182 323 1029 380 wortu würde es vielleicht verlangen, sodan ist in der Replik
183 373 1062 435 wieder so viel falsches u mißbeliebiges, daß ein Straussenmagen
177 422 1037 478 es schwerlich verdauen könnte. Inzwischen sammle ich Material
176 468 1027 526 u Notizen beim Justiz Departement. Hr. Dr. hat mir nicht
182 516 1048 577 weniger als 25 Foli Seiten geschickt! Es fällt mir zwar lange
186 566 1003 623 nicht ein, dieses alles zu benutzen. Ich würde gerne deine
183 611 1024 674 Ansicht vernehmen über die Frage, ob man antworten soll.
159 673 1011 722 Du weißt, in unsrer Antwort wurden die zwey Gedanken
190 718 1000 773 ausgeführt: 1) Es war überhaupt keine Veranlaßung zu
200 772 987 822 Beschwerden vorhanden 2) Wenn aber auch, so konnte sich das
198 818 965 874 gestellte Begehren in keiner Weise rechtfertigen; daher
192 868 991 921 Protestation, jedoch unter Versicherung, alles zu thun, was
204 919 1011 970 recht u billig. Nun kommt die Replik u führt etwa fol-
199 965 1019 1020 gendes Räsonnement: Wir bestreiten, daß wir die Absicht
191 1013 996 1069 hatten, in die innern Verhältniße der Schweiz einzugreifen;
204 1068 977 1124 wir wollten nur der Gefahr wehren u dem Heerde der
204 1117 1063 1191 Anarchie entgegentreten. (Folgen eine Menge Anschuldigungen
203 1164 1043 1243 u dann die alte Drohung einer Allianz mit den der Schweiz
198 1219 539 1262 feindlichen Staaten).
