1154 1440
177 158 494 227 contre de prime abord.
473 224 520 271 dire
194 255 1140 299 Ce que je puis vous c'est que je ne manquerai pas de mettre le plus
187 296 1096 350 grand zèle pour la réalisation d'une idée à laquelle j'attache le plus
180 345 1099 408 grand prix pour le bien de mon canton qui serait par-là rattaché à
196 407 647 468 la Suisse par un nouveau lien.
205 462 1098 529 Nous ne perdons pas de vue les elections au conseil national.
214 523 1088 581 Au delà du mt Cendre nos candidats sont LuviniDemarchi
218 576 1108 629 et Bernasconi de Chiasso. Ce dernier est le frère du Lt Colonel
187 629 1115 684 fédéral: il a été substitué à Fogliardi pour apaiser le District
228 680 1101 741 de Mendrisio qui gardait rancune de ce qu'après la mort de
212 725 1138 800 Soldini on lui avait soufflé le successeur. Nous avons tout
242 793 490 861 espoir de réussir.
217 854 1131 919 Dans le collège au-dessus du mont cendre nos candidats ne sont
226 905 1095 975 pas encore arrêtés. On avait primitivement pensé à mettre en
246 959 1077 1030 avant les noms de Franscini, Bonzanigo, Pioda. Mais à
238 1014 1098 1091 Bellinzona surgirent quelques voix en faveur de Jauch, en
239 1080 1106 1157 attendant qu'on s'aperçut de plus en plus que l'opposition
253 1152 1130 1214 entend livrer une lutte à mort. Dans ces circonstances beau-
255 1203 1115 1276 coup de monde se demande si le temps est bien choisi pour
241 1257 1150 1334 faire des demonstrations adhonorem et s'il ne serait pas beaucoup
