1083 1440
295 414 1008 490 Abends war Versammlung der Konservativen Notabeln &. heute
290 476 1038 531 früh (Hr. Zehnder theilt uns dieß so eben durch Cirkular mit)
292 510 1040 575 erschienen die Herren Direktor Escher-Heß &. Oberstlt. Muralt als
281 555 1055 616 Deputation bei Zehnder &. eröffneten ihm, daß die Bürgerschaft
290 598 1041 658 wahrscheinlich insgesammt nicht illuminiren werde &. zwar sei auch
289 635 1047 703 die Stimmung entschieden gegen die Illumination, wenn sie auch
290 678 1027 742 auf einen andern Tag verlegt würde (natürlich, denn für
285 712 1026 783 Dr. Furrer &. Dr. Steiger die Stadt Zürich zu illuminiren,
283 761 1038 820 denke Dir dieß haarsträubende Gefühl in der Brust eines
279 789 1046 864 Zopfs!). Zehnder schrieb sehr deh- &. wehmüthig, wie man ihn
275 837 1058 903 gegen seine Ueberzeugung zu dem unglücklichen Stichentscheid ge-
281 873 1041 945 drängt, Anträge stellte er indeß nicht. Bollier schrieb darunter,
277 910 1031 987 die Sache sei durch frühere Beschlüsse erledigt; ich ebenso;
275 953 1041 1025 bei den andern läuft das Cirkular erst.Zehnder hat also
277 997 1048 1063 Muth &. Kopf verloren, Keller ist ganz übergetreten, Gottlob
278 1033 1052 1102 aber doch Zangger wenigstens bis dahin festgeblieben. Mit dem
272 1074 1048 1141 liberalen Jkr. Mejer ist es soweit gekommen, daß er mich nicht
279 1118 925 1183 einmal mehr grüßt &. beständig schweigend murrt.
400 1164 1047 1229 Gestern Abends kam ich nach beendigter Festkommission
283 1202 1057 1273 aufs Café lit. . Bald erschien auch Spyri &. wie ich alsobald aus
