1124 1440
688 31 999 98 Glarus den 27. Nov. 1842.
264 214 590 256 Mein theurer Escher!
391 289 1101 357 Nachdem ich die dringendsten praktischen Geschäfte, welche mich
259 341 1087 407 bei meiner Rückkehr erwarteten, beseitigt habe, beeile ich mich, durch
255 389 1108 449 Uebersendung des beiliegenden Buches deinem Wunsche zu entsprechen.
255 426 1098 494 Es freut mich dabei recht, dir nach so vielen wissenschaftlichen Diensten, die
257 477 1101 537 du mir schon geleistet hast, auch einmal einen kleinen Gegendienst erwei-
257 523 1077 583 sen zu können. Zu deinen neuen philosophischen Studien wünsche ich dir
264 561 1104 628 den besten u. gedeihlichsten Fortgang. Das tiefe Bedürfniß darnach, welches
263 609 1106 674 du zu fühlen angefangen hast, gereicht dir in meinen Augen zur größ-
263 644 1103 720 ten Ehre; es ist mir ein schöner Beweis dafür, daß dein Geist nach viel-
256 695 1087 766 seitigem Erkennen strebt u. daß du nicht ausschließlich in die Erforschung
263 736 1092 813 von Einzelnheiten, zu denen du durch deine wissenschaftliche Richtung zu-
265 784 1113 860 nächst hingeführt wirst, zu versinken, sondern dir dabei einen umfassenden
262 828 1092 906 Blick auf das Allgemeine des menschlichen Wissens, als sichern Wegweiser
259 875 1097 950 durch das Labyrinth der die Gegenwart durchkreuzenden Ideen u. An-
258 928 1103 993 sichten, zu erhalten oder zu erwerben wünschest. Ich bin auch überzeugt,
260 971 1106 1042 daß bei dem in deiner Natur liegenden Ernste, mit welchem du jede
264 1015 1113 1089 Sache anzu ergreifen pflegst, das gewünschte Resultat dir nicht entge-
264 1066 1103 1136 hen wird, u. ich hoffe, daß der gewaltige Hegel, der mit riesenhafter
269 1116 1095 1186 Ausdauer u. Consequenz sein – mindestens jedenfalls geistvolles – Sy-
266 1160 1105 1235 stem durch alle Erscheinungen der physischen u. geistigen Welt hin-
264 1212 1112 1276 durchgeführt hat, dir zusagen werde. Mich wenigstens hat diese großar-
