1108 1440
179 203 1064 282 wolle, sie ihre Forderungen noch in sehr erheblichem Grade ermäßigen
188 261 1057 327 müsse. Am 29. Juni Nachmittags fand sich Herr Borelli neuer-
182 309 1075 369 dings, und zwar dießmal in Begleitung von zwei Mitgliedern des
184 349 1065 412 Verwaltungsrathes der italienischen Gesellschaft, bei mir ein. Es wurde
183 397 1071 456 hauptsächlich die finanzielle Seite des Angebotes der Italienischen Gesell-
182 437 1056 502 schaft besprochen. Ich äußerte mich wieder in gleichem Sinne, wie
184 485 1058 545 ich es am Vormittage Herrn Borelli gegenüber gethan. Schließlich
177 527 1036 588 lud ich die Repräsentanten der Italienischen Gesellschaft ein, nun-
178 570 1054 630 mehr auf Grundlage der mit ihnen Statt gehabten Verhandlungen
183 608 1035 675 ein abschließliches Angebot an die Direction gelangen zu lassen.
182 651 1070 720 welche im Laufe der Statt gehabten Konferenz von Herrn Oberingenieur
178 698 1056 762 Herr Borelli bat mich, ihm zu diesem Behufe verschiedene Redactionen,
169 739 1052 805 Gerwig und von mir zu Sprache gebracht worden waren, in schrift-
178 784 1071 849 licher Ausfertigung zustellen zu wollen. Ich entsprach diesem Wunsche,
180 826 1060 893 wie aus Beilage I No 7 zu ersehen ist. Herr Borelli hatte dann
173 874 1034 936 am 30. Juni und 1. Juli noch verschiedene informative Unter-
171 915 1058 981 er Namens der Italienischen Gesellschaft ein abschließliches Angebot
170 959 1054 1024 redungen mit Herrn Oberingenieur Gerwig und am 1. Juli reichte
174 1004 1050 1067 ein, dessen Wortlaut in Beilage I No 8 und 9 enthalten ist. Nach
169 1047 1046 1110 dieser aktenmäßigen Darlegung des Sachverhaltes wollen Sie nun
165 1093 1032 1154 selbst darüber urtheilen, ob wir nicht mit der Italienischen Gesell-
153 1132 1026 1201 schaft «mündlich» verhandelt und ihr «die erforderlichen Aufschlüsse»
164 1183 366 1216 ertheilt haben.
