1118 1440
696 26 1069 80 Aarau den 6 Merz 1864.
239 119 561 213 Hochgeachteter Herr!
167 231 1059 308 Vor dritthalb Wochen besuchte mich Herr Dr. Schmidlin und fragte
95 301 1042 374 mich in Ihrem Namen an, ob ich nicht geneigt wäre gemeinschaftlich mit
84 366 1085 440 Herrn H. Fiertz in Gotthardtangelegenheiten eine Mißion nach Turin zu
95 434 1046 506 übernehmen. In der Vermuthung daß diese Abordnung bald möglichst
85 501 1097 570 statt zu finden habe erklärte ich zuvörderst für meine Person die Unmöglich-
90 567 1040 634 keit daran Theil zu nehmen. Als jedoch Herr Schmidlin sich dahin
95 631 1035 702 ergänzte, daß diese Reise nicht dränge sondern füglich erst im
102 696 1072 769 Laufe April unternommen werden könne, ertheilte ich ihm eine bedingte
94 767 1093 836 Zusage von welcher er Ihnen zweifelsohne Kenntniß gegeben haben wird.
99 832 1080 902 Ungeachtet meiner Bereitwilligkeit an den Vorarbeiten jenes großen Werkes
98 899 1051 964 mit zu wirken war es mir deßwegen unmöglich ein bestimmtes Versprechen
96 963 1053 1028 zur Annahme einer mehr wöchentlichen Mißion abzugeben, weil ich in
95 1023 1070 1098 Stellungen befindlich, die in manchen Beziehungen gefeßelte sind, be-
90 1091 1092 1171 fürchten musste daß ich, wenn der Moment der Ausführung gekommen,
104 1157 1085 1242 mich in Gegenwart unvorhergesehener Hinderniße befinden könnte. Es
88 1221 1094 1311 sind einmal meine eigenen geschäftlichen Verhältniße die seit dem amerikanischen
102 1297 1034 1367 Bürgerkriege oder vielmehr seit den Goldschwankungen an unerwarteten
