1154 1440
130 393 1049 447 dazu stehen und begnüge mich demnach mit der Andeutung;
168 438 1071 483 genehmigen Sie, Hochgeachteter Herr, die Versicherung meiner
141 479 545 516 ausgezeichneten Hochachtung
560 514 979 556 Ihr stets bereitwilligster
716 554 885 609 Ed: Ziegler
754 606 846 640 Oberst
165 659 528 697 Zürich den 23 Febr 1865
132 733 1085 790 Daß die fortwährende Reglementenfabrikation und die Maße von
128 772 1048 823 Formularen, theils dem Bund, theils aber auch den Kantonen
126 808 1050 849 nicht ganz unbedeutende Kosten verursacht, das ist nicht zu
814 844 874 859 allen
139 849 1090 889 läugnen. Ich glaube, daß eine Uebersicht von zehn Jahren über
141 881 1102 921 solche Ausgaben ein bemerkenswerthes Resultat liefern würde. In-
144 916 1070 956 deßen gebe ich zu, daß manche neue Verordnung hat erlaßen
152 949 1088 991 werden müßen. Schon die neue Bewaffnung, die Umänderung
153 984 1067 1021 der Geschütze brachten es mit sich, für die Zukunft sollten aber
149 1013 775 1054 auch hierin Ersparniße zumachen sein. –
166 1045 1080 1081 Die Pferde-Abschatzungskosten belaufen sich ins Große und
599 1076 645 1093 zu
159 1082 1084 1117 stehen ganz außer Verhältniß den Leistungen. Nicht daß man
167 1114 1127 1144 den Pferde-Eigenthümern zuviel bezahle, aber die Pferde werden
171 1141 1138 1174 theils nicht vorsichtig genug besorgt, namentlich bei der Kavallerie;
174 1171 1110 1215 dann aber auch überangestrengt, wie solches in sehr auffallender
