1115 1440
159 52 1033 116 Wählerschaft beschämendes Armuthszeugniß, das
128 94 1107 162 auch von den Konservativen nicht anders aufgenommen
125 152 1064 196 wird; sie erblicken darin gewiß so wenig ein
128 175 1092 244 großmüthiges Geschenk als wir. Zudem glaube
141 226 1108 289 ich, daß auf einen solchen Vorschlag fast Niemand
146 272 1083 333 erscheinen wird und der 2te Wahlkreis wirklich
147 314 809 374 eine traurige Rolle spielen wird.
257 355 1052 412 Es ist von anderer Seite auch Herr Major
176 384 1068 453 Stapfer in Horgen genannt worden; ob er aber
154 426 1063 493 wirklich gebracht wird und ferner ob er die Wahl
171 472 1081 536 annähme, das ist Alles sehr unbestimmt. Mein
163 505 1086 584 Geschäftsführer ist erkrankt, und dadurch wird es
173 554 1099 626 mir fast unmöglich von Hause wegzukommen;
165 597 1083 671 wenn es aber nur irgend sein kann, so werde
173 648 977 714 ich nach Stäfa zur Vorversammlung gehen.
247 697 1091 758 Ich glaubte es Ihnen schuldig zu sein, Sie von
176 737 1103 797 der Lage der Dinge in Kenntniß zu setzen. Herr
168 785 1085 835 Brändli mag nun wissen, ob Möglichkeit vorhanden
172 814 1098 877 ist, daß Herr Huber annehme, was ich kaum glaube.
245 863 1067 922 Mit aufrichtiger Hochschätzung bleibt Ihnen
204 920 404 961 ergeben
203 964 424 1020 Küsnach
205 1020 456 1055 25 Novbre 1851.
679 941 997 997 J. Kaegi-Fierz
